=LDR  02367aam a2200385   4500
=001  7642
=008  220512s1959\\\\|||f||||\||||\00|\0\ger\d
=041  \\$ager
=100  \\$aGioseffi, Decio$4aut$911132
=245  \\$aDie Venezianische Malerei des 18. Jahrhunderts
=260  \\$c1959$bInstituto Italiano d'Arti Grafiche$aBergamo
=300  \\$a100 pages
=600  \0$aRicci, Sebastiano$d1659-1734$1http://www.wikidata.org/entity/Q506483$924175
=600  \0$aRicci, Marco$d1676-1730$1http://www.wikidata.org/entity/Q930162$924176
=600  \0$aAmigoni, Jacopo$d1682-1752$1http://www.wikidata.org/entity/Q380897$924178
=600  \0$aPittoni, Giambattista$d1687-1767$1http://www.wikidata.org/entity/Q982011$924179
=600  \0$aPiazzetta, Giovanni Battista$d1682/83-1754$1http://www.wikidata.org/entity/Q282670$924180
=600  \0$aTiepolo, Giovanni Battista$d1696-1770$1http://www.wikidata.org/entity/Q186202$914601
=600  \0$aTiepolo, Giovanni Domenico$d1726?-1804$1http://www.wikidata.org/entity/Q435316$914300
=600  \0$aCarriera, Rosalba$d1673-1757$1http://www.wikidata.org/entity/Q237726$924181
=600  \0$aLonghi, Pietro$d1701-1785$1http://www.wikidata.org/entity/Q447058$924182
=600  \0$aLonghi, Alessandro$d1733-1813$1http://www.wikidata.org/entity/Q1855242$924183
=600  \0$aCanaletto$d1697-1768$1http://www.wikidata.org/entity/Q182664$922871
=600  \0$aBellotto, Bernardo$d1720/22-1780$1http://www.wikidata.org/entity/Q164688$924184
=600  \0$aMarieschi, Michele$d1710-1743$1http://www.wikidata.org/entity/Q2501578$924185
=600  \0$aZuccarelli, Francesco$d1702-1778$1http://www.wikidata.org/entity/Q919093$924186
=600  \0$aZais, Giuseppe$d1709-1784$1http://www.wikidata.org/entity/Q579698$924187
=600  \0$aGuardi, Giovanni Antonio$d1699-1760$1http://www.wikidata.org/entity/Q590969$924188
=600  \0$aGuardi, Francesco$d1712-1793$1http://www.wikidata.org/entity/Q318769$924189
=648  \0$a18th Century (1701-1800)$1http://www.wikidata.org/entity/Q7015$920899
=650  \0$aFine art$1http://www.wikidata.org/entity/Q219625$921579
=651  \0$aVenice (Italy)$1http://www.wikidata.org/entity/Q641$91
=942  \\$cBOO
=952  \\$00$10$2ddc$40$6TOP_IT_VEN1_5_000000000000000$70$8TOP$97640$aORPH$bORPH$cKTS0$d2020-07-08$eKoopman$i20G13$oTOP IT.VEN1 5$p20128175$r2021-01-12 00:00:00$w2021-01-12$yBOO
=999  \\$d7642

