=LDR  00823cam a2200205   4500
=001  7644
=005  20250120120258.0
=008  700609s1969\\\\nyuacg\\\b\\\\001\0beng\\
=020  \\$a0486214168
=040  \\$aOI
=100  \\$aGirdlestone, Cuthbert$d1895-1975$911134
=245  00$aJean-Philippe Rameau :$bhis life and work /$cby Cuthbert Girdlestone.
=250  \\$a[Rev. and enl. ed.]
=260  \\$aNew York :$bDover Publications,$c[1969]
=300  \\$ax, 631 p. :$bill., music, ports. ;$c22 cm.
=504  \\$aBibliography: p. [578]-592.
=600  \0$aRameau, Jean-Philippe$d1683-1764$1http://www.wikidata.org/entity/Q1145$94787
=942  \\$cBOO
=952  \\$00$10$2ddc$40$6BIO_RAME_D$70$8BIO$97642$aORPH$bORPH$cKTS1_P$d2020-07-08$eKoopman$i23G16$l0$oBIO RAME d$p20125772$r2021-01-12 00:00:00$w2021-01-12$yBOO$OKoopman
=999  \\$c7644$d7644

