=LDR  01550nam a2200277 a 4500
=001  7645
=008  840827s1983\\\\gw\g\\\\\bc\\\000\0\ger\|
=041  \\$ager
=100  \\$aGissel, Siegfried$d1932-$1http://www.wikidata.org/entity/Q102402529$4aut$911136
=245  10$aUntersuchungen zur mehrstimmigen protestantischen Hymnenkomposition in Deutschland um 1600
=260  \\$aKassel$bBärenreiter$c1983
=300  \\$a2 vols. (iii-289+77-8-44 pages)
=504  \\$aBibliography: v. 1, p. 158-162.
=505  0\$av. 1. Textteil -- v. 2. Notenteil.
=648  \0$a16th Century (1501-1600)$1http://www.wikidata.org/entity/Q7017$920944
=648  \0$a17th Century (1601-1700)$1http://www.wikidata.org/entity/Q7016$920923
=650  \0$aChurch music$1http://www.wikidata.org/entity/Q8812109$92283
=650  \0$aVocal music$1http://www.wikidata.org/entity/Q685884$93319
=650  \0$aHymn$1http://www.wikidata.org/entity/Q484692$921333
=650  \0$aMusic history$1http://www.wikidata.org/entity/Q846047$921373
=650  \0$aProtestantism$1http://www.wikidata.org/entity/Q23540$921012
=651  \0$aGermany$1http://www.wikidata.org/entity/Q183$9155
=942  \\$cBOO
=952  \\$00$10$2ddc$3Textteil$40$6TOP_DE_5_000000000000000$70$8TOP$97643$aORPH$bORPH$cKTS0$d2020-07-08$eKoopman$i20E34$l0$oTOP DE 5$p20125400$r2021-01-12 00:00:00$w2021-01-12$yBOO$OKoopman
=952  \\$00$10$2ddc$3Notenteil$40$6TOP_DE_5_000000000000000$70$8TOP$97644$aORPH$bORPH$cKTS0$d2020-07-08$eKoopman$i20E35$l0$oTOP DE 5$p20125399$r2021-01-12 00:00:00$w2021-01-12$yBOO$OKoopman
=999  \\$d7645

