=LDR  01509cam a22003131i 4500
=001  7650
=005  20250619103947.0
=008  761214s1975\\\\ne\cf\\\\b\\\\000\0\lat\\
=020  \\$a9030210036
=040  \\$aOI
=041  \\$afre
=245  02$aL'Album amicorum de Cornelis de Glarges, 1599-1683
=250  \\$a[1. éd.]
=260  \\$aAmsterdam :$bHolland University Press,$cc1975.
=300  \\$axli-184 pages, [1] leaf of plates$bportrait$c23 cm
=490  1\$aStudies van het Instituut voor Intellectuele Betrekkingen tussen de Westeuropese Landen in de Zeventiende Eeuw ; 3
=504  \\$aBibliography: p. 167-173.
=648  \0$a17th Century (1601-1700)$1http://www.wikidata.org/entity/Q7016$920923
=650  \0$aAlbum amicorum$1http://www.wikidata.org/entity/Q457843$1http://www.wikidata.org/entity/Q14523803$927398
=650  \0$aDiplomat$1http://www.wikidata.org/entity/Q193391$92940
=650  \0$aCultural history$1http://www.wikidata.org/entity/Q858517$922395
=651  \0$aNetherlands$1http://www.wikidata.org/entity/Q55$1http://www.wikidata.org/entity/Q29999$9173
=700  \\$aGlarges, Cornelis de$d1599-1683$1http://www.wikidata.org/entity/Q51673929$4dte$911139
=700  \\$aBots, Hans$d1940-$99827$4win
=700  \\$aGemert, Giel van$911141$4ann
=700  \\$aRietbergen, P. J. A. N.$911142$4ctb
=942  \\$cBOO
=952  \\$00$10$2ddc$40$6BIO_GLAR_B$70$8BIO$97648$aORPH$bORPH$cKTS1_P$d2020-07-08$eKoopman$i19F42$oBIO GLAR b$p20125230$r2021-01-12 00:00:00$w2021-01-12$yBOO$OKoopman
=999  \\$d7650

