=LDR  00375    a2200109   4500
=001  7651
=100  \\$aGlasenapp, F. von$911143
=245  \\$aGeorg Simon Löhlein (1725-1781)
=260  \\$c1937
=942  \\$cBOO
=952  \\$00$10$2ddc$40$6BIO_LÖHL_D$70$8BIO$97649$aORPH$bORPH$cKTS1_P$d2020-07-08$eKoopman$i32F20$oBIO LÖHL d$p20123081$r2021-01-12 00:00:00$w2021-01-12$yBOO$OKoopman
=999  \\$c7651$d7651

