=LDR  01260    a2200241   4500
=001  7658
=008  211205s1988\\\\\\\|||||\m|||\00|\0\dut\d
=041  \\$adut
=100  \\$aGlastra, Jan$4aut$911145
=245  \\$aDe Franse "Prélude non mesuré" voor clavecimbel in de zeventiende en vroege achttiende eeuw
=260  \\$c1988
=300  \\$a2 vols (65+117)
=561  \\$aEx libris Laura Dobbenga
=648  \0$a17th Century (1601-1700)$1http://www.wikidata.org/entity/Q7016$920923
=648  \0$a18th Century (1701-1800)$1http://www.wikidata.org/entity/Q7015$920899
=650  \0$aPrélude non mesuré$1http://www.wikidata.org/entity/Q2759224$923226
=650  \0$aKeyboard music$1http://www.wikidata.org/entity/Q105715630$921412
=650  \0$aHarpsichord$1http://www.wikidata.org/entity/Q81982$92125
=651  \0$aFrance$1http://www.wikidata.org/entity/Q142$9131
=942  \\$cBOO
=952  \\$00$10$2ddc$3vol. 1: tekst$40$6INS_3_000000000000000_2D$70$8INS$97656$aORPH$bORPH$cKTS0$d2020-07-08$eKoopman$i43C09$oINS3.2d$p20127200$r2021-01-12 00:00:00$w2021-01-12$yBOO
=952  \\$00$10$2ddc$3vol. 2: muziekbijlage$40$6INS_3_000000000000000_2D$70$8INS$97657$aORPH$bORPH$cKTS0$d2020-07-08$eKoopman$i43C09$oINS3.2d$p20127199$r2021-01-12 00:00:00$w2021-01-12$yBOO
=999  \\$d7658

