=LDR  01050cam a2200253 a 4500
=001  7661
=005  20250205110319.0
=008  940420s1993\\\\gw\ag\\\\b\\\\001\0\ger\\
=010  \\$a   94148425 
=020  \\$a3873971259
=035  \\$a(OCoLC)29901835
=040  \\$aMiU$cMiU$dOO$dDLC
=042  \\$alccopycat
=100  \\$aGleich, Clemens von$911147
=245  10$aMozart, Takt und Tempo :$bneue Anregungen zum Musizieren /$cClemens-Christoph von Gleich.
=260  \\$aMünchen :$bE. Katzbichler,$c1993.
=300  \\$a152 p. :$bill., music ;$c25 cm.
=504  \\$aIncludes bibliographical references (p. 141-145) and index.
=600  \0$aMozart, Wolfgang Amadeus$d1756-1791$1http://www.wikidata.org/entity/Q254$95341
=650  \0$aTempo$1http://www.wikidata.org/entity/Q189214$92723
=650  \0$aRhythm$1http://www.wikidata.org/entity/Q170406$92724
=942  \\$cBOO
=952  \\$00$10$2ddc$40$6BIO_MOZA1_E$70$8BIO$97659$aORPH$bORPH$cKTS1_P$d2020-07-08$eKoopman$i31A38$oBIO MOZA1 e$p20121134$r2021-01-12 00:00:00$w2021-01-12$yBOO$OKoopman
=999  \\$c7661$d7661

