=LDR  00803aam a2200181   4500
=001  7662
=008  230822s\\\\\\\\||||||||\||||\00|\0\ger\d
=041  \\$ager
=100  \\$911149$aGleißner, Walter$4aut
=245  \\$aDie Vespern von Johann Joseph Fux:$bein Beitrag zur Geschichte der Vespervertonung
=260  \\$c1981$aMainz$bJohannes-Gutenberg-Universität
=300  \\$a268 pages
=600  \0$1http://www.wikidata.org/entity/Q311378$aFux, Johann Joseph$d1660-1741$910900
=650  \0$1http://www.wikidata.org/entity/Q827135$aVespers$93370
=650  \0$1http://www.wikidata.org/entity/Q846047$aMusic history$921373
=942  \\$cBOO
=952  \\$00$10$2ddc$40$6BIO_FUX_E$70$8BIO$97660$aORPH$bORPH$cKTS1_P$d2020-07-08$eKoopman$i37C33 $l0$oBIO FUX e$p20123721$r2021-01-12 00:00:00$w2021-01-12$yBOO$OKoopman
=999  \\$d7662

