=LDR  01240cam a2200265 a 4500
=001  7663
=005  20251003085457.0
=008  120302s2011\\\\gw\\\\\\\bc\\\001\0\ger\d
=020  \\$a9783487145020 
=041  \\$ager
=245  04$aDie ältere Notenbibliothek der Thomasschule zu Leipzig:$bVerzeichnis eines weitgehend verschollenen Bestands
=260  \\$aHildesheim$bOlms$c2011
=300  \\$a332 pages$c23 cm
=490  1\$aLeipziger Beiträge zur Bach-Forschung$x0947-8655$v11
=504  \\$aIncludes bibliographical references and index.
=590  \\$aherausgegeben und erläutert von Andreas Glöckner.
=610  \0$aThomasschule (Leipzig, Germany)$1http://www.wikidata.org/entity/Q699668$91465
=650  \0$aChurch music$1http://www.wikidata.org/entity/Q8812109$92283
=650  \0$aCatalogue$1http://www.wikidata.org/entity/Q2352616$921484
=650  \0$aVocal music$1http://www.wikidata.org/entity/Q685884$93319
=651  \0$aLeipzig (Germany)$1http://www.wikidata.org/entity/Q2079$945
=700  \\$aGlöckner, Andreas$4edt$911150
=942  \\$cBOO
=952  \\$00$10$2ddc$40$6BIB_4_000000000000000_DE_LEI$70$8BIB$97661$aORPH$bORPH$cKTS0$d2020-07-08$eKoopman$i47D32$l0$oBIB4 DE.LEI$p20123683$r2021-01-12 00:00:00$w2021-01-12$yBOO
=999  \\$d7663

