=LDR  01114aam a2200241   4500
=001  7665
=008  240303s2007\\\\||||||||\||||\00|\0dger\d
=020  \\$a9783761819241
=041  \\$ager
=245  \\$aAusgewählte Dokumente zum Nachwirken Johann Sebastian Bachs 1801-1850.$bSupplement zu Johann Sebastian Bach Neue Ausgabe sämtlicher Werke
=260  \\$aKassel$bBärenreiter$c2007
=490  \\$aBach-Dokumente$v6
=648  \0$a19th Century (1801-1900)$1http://www.wikidata.org/entity/Q6955$920935
=650  \0$aComposer$1http://www.wikidata.org/entity/Q36834$93625
=650  \0$aOrganist$1http://www.wikidata.org/entity/Q765778$94471
=650  \0$aReception$1http://www.wikidata.org/entity/Q1791660$925021
=700  \\$aGlöckner, Andreas$4edt$911150
=700  \\$aHartinger, Anselm$4edt$915117
=700  \\$aLehmann, K.$4edt$927139
=710  \\$aBach-Archiv Leipzig (Germany)$1http://www.wikidata.org/entity/Q798038$91212
=942  \\$cBOO
=952  \\$00$10$2ddc$40$6BIO_BACH1_B$70$8BIO$97663$aORPH$bORPH$cKTS1_P$d2020-07-08$eKoopman$i33A01_06$oBIO BACH1 b$p20123057$r2021-01-12 00:00:00$w2021-01-12$yBOO
=999  \\$d7665

