=LDR  01273cam a2200289 i 4500
=001  7666
=005  20250120120155.0
=008  780623s1978\\\\enkafgh\\b\\\\001\0beng\\
=020  \\$a0713410078
=040  \\$aOI
=041  \\$aeng
=100  \\$aGlover, Jane$911152$4aut
=245  00$aCavalli
=260  \\$aLondon$bBatsford$c1978
=300  \\$a191 pages, [2] leaves of plates$billustrations, music, facsimiles$c24 cm
=504  \\$aBibliography: p. 171-181.
=600  \0$aCavalli, Francesco$d1602-1676$1http://www.wikidata.org/entity/Q108062$911153
=610  \0$aBasilica di San Marco (Venice, Italy)$1http://www.wikidata.org/entity/Q172988$920989
=648  \0$a17th Century (1601-1700)$1http://www.wikidata.org/entity/Q7016$920923
=650  \0$aComposer$1http://www.wikidata.org/entity/Q36834$93625
=650  \0$aOpera$1http://www.wikidata.org/entity/Q1344 $92468
=650  \0$aBiography$1http://www.wikidata.org/entity/Q36279$91927
=651  \0$aVenice (Italy)$1http://www.wikidata.org/entity/Q641$91
=651  \0$aParis (France)$1http://www.wikidata.org/entity/Q90$9160
=942  \\$cBOO
=952  \\$00$10$2ddc$40$6BIO_CAVA_D$70$8BIO$97664$aORPH$bORPH$cKTS1_P$d2020-07-08$eKoopman$i32D01$l0$oBIO CAVA d$p20123143$r2021-01-12 00:00:00$w2021-01-12$yBOO$OKoopman
=999  \\$d7666

