=LDR  01257cam a22002774a 4500
=001  7673
=005  20250307161344.0
=008  070417s2006\\\\gw\ag\\\\b\\\\001\0\ger\c
=020  \\$a9783795211820 (cl.)$z9783795211824 (cl.)
=020  \\$a3795211824 (cl.)
=040  \\$aOI
=041  \\$ager
=100  \\$aGlüxam, Dagmar$911160$4aut
=245  10$aInstrumentarium und Instrumentalstil in der Wiener Hofoper zwischen 1705 und 1740
=260  \\$aTutzing$bSchneider$c2006
=300  \\$a831 pages$billustrations, music$c24 cm
=490  \\$aPublikationen des Instituts für Österreichische Musikdokumentation$v32
=648  \0$a18th Century (1701-1800)$1http://www.wikidata.org/entity/Q7015$920899
=650  \0$aOpera$1http://www.wikidata.org/entity/Q1344 $92468
=650  \0$aCourt$1http://www.wikidata.org/entity/Q1134237$922191
=650  \0$aInstrumentation$1http://www.wikidata.org/entity/Q617028$923032
=651  \0$aItaly$1http://www.wikidata.org/entity/Q38$922
=651  \0$aVienna (Austria)$1http://www.wikidata.org/entity/Q1741$920937
=942  \\$cBOO
=952  \\$00$10$2ddc$40$6TOP_AT_VIE_5_000000000000000$70$8TOP$97671$aORPH$bORPH$cKTS0$d2020-07-08$eKoopman$i38B22$l0$oTOP AT.VIE 5$p20120453$r2021-01-12 00:00:00$w2021-01-12$yBOO$OKoopman
=999  \\$d7673

