=LDR  01472cam a2200301 a 4500
=001  7674
=005  20250122141851.0
=008  991225s1999\\\\gw\a\\\\\bc\\\001\0\ger\\
=020  \\$a3795209986
=040  \\$aOI
=041  \\$ager
=100  \\$aGlüxam, Dagmar$911160$4aut
=245  14$aDie Violinskordatur und ihre Rolle in der Geschichte des Violinspieles,$bunter besonderer Berücksichtigung der Quellen der erzbischöflichen Musiksammlung in Kremsier
=260  \\$aTutzing$bSchneider$c1999
=300  \\$a535 pages$billustrations$c23 cm
=490  \\$aWiener Veröffentlichungen zur Musikwissenschaft$v37
=504  \\$aIncludes bibliographical references (p. 489-519) and index.
=600  \0$aLiechtenstein-Castelcorn, Karl von$d1623-1695$911161
=610  \0$aArcibiskupský hudební archív (Kroměříž, Czech Republic)$91325
=650  \0$aTuning$1http://www.wikidata.org/entity/Q858576$921655
=650  \0$aScordatura$1http://www.wikidata.org/entity/Q1053427$92782
=650  \0$aViolin$1http://www.wikidata.org/entity/Q8355$92783
=650  \0$aManuscript$1http://www.wikidata.org/entity/Q87167$92275
=650  \0$aManuscript$1http://www.wikidata.org/entity/Q87167$92275
=651  \0$aCzech Republic$1http://www.wikidata.org/entity/Q213$921253
=942  \\$cBOO
=952  \\$00$10$2ddc$40$6INS_4_000000000000000_1D_GLUX$70$8INS$97672$aORPH$bORPH$cKTS0$d2020-07-08$eKoopman$i43F17$l0$oINS4.1d GLUX$p20126464$r2021-01-12 00:00:00$w2021-01-12$yBOO$OKoopman
=999  \\$d7674

