=LDR  01300aam a2200253   4500
=001  7675
=008  240319s1968\\\\||||||||\||||\00|\0bger\d
=041  \\$ager
=100  \\$aGmeinwieser, S.$911162$4aut
=245  \\$aGirolamo Chiti 1679-1759,$beine Untersuchung zur Kirchenmusik in S. Giovanni in Laterano
=260  \\$aRegensburg$bBosse$c1968
=490  \\$aKölner Beiträge zur Musikforschung$v47
=561  \\$aHandwritten dedication by the author to Karl Gustav Fellerer
=600  \0$aChiti, Girolamo$d1679-1759$1http://www.wikidata.org/entity/Q1257525$927185
=610  \0$aBasilica di S. Giovanni in Laterano (Rome, Italy)$1http://www.wikidata.org/entity/Q84090$91533
=648  \0$a18th Century (1701-1800)$1http://www.wikidata.org/entity/Q7015$920899
=650  \0$aComposer$1http://www.wikidata.org/entity/Q36834$93625
=650  \0$aChurch music$1http://www.wikidata.org/entity/Q8812109$92283
=650  \0$aBiography$1http://www.wikidata.org/entity/Q36279$91927
=650  \0$aCatholicism$1http://www.wikidata.org/entity/Q1841$921631
=651  \0$aRome (Italy)$1http://www.wikidata.org/entity/Q220$949
=942  \\$cBOO
=952  \\$00$10$2ddc$40$6BIO_CHIT_E$70$8BIO$97673$aORPH$bORPH$cKTS1_P$d2020-07-08$eKoopman$i32D06$oBIO CHIT e$p20123136$r2021-01-12 00:00:00$w2021-01-12$yBOO$OKoopman
=999  \\$d7675

