=LDR  01308nam a2200265 a 4500
=001  7679
=005  20251003085457.0
=008  930202s1990\\\\ne\\\\\\r\\\\\000\0\eng\d
=020  \\$a9029082402
=040  \\$aUGent
=100  \\$aOstade, Adriaen van$d1610-1685$1http://www.wikidata.org/entity/Q352438$4art$926898
=245  14$aThe Complete Etchings of Adriaen Van Ostade
=260  \\$aAmsterdam$bMeulenhoff/Landshoff$c1990
=300  \\$aVarious pagings
=590  \\$aNew Illustrations and First English translation of the Catalogue Raisonné, together with a Reprint of the Original French Edition
=600  \0$aOstade, Adriaen van$d1610-1685$1http://www.wikidata.org/entity/Q352438$926898
=600  \0$aVermeer, Johannes$d1632-1675$1http://www.wikidata.org/entity/Q41264$99652
=648  \0$a17th Century (1601-1700)$1http://www.wikidata.org/entity/Q7016$920923
=650  \0$aFine art$1http://www.wikidata.org/entity/Q219625$921579
=650  \0$aCatalogue$1http://www.wikidata.org/entity/Q2352616$921484
=651  \0$aNetherlands$1http://www.wikidata.org/entity/Q55$9173
=700  \\$aGodefroy, Louis$4aut$911166
=942  \\$cBOO
=952  \\$00$10$2ddc$40$6BIO_OSTA_A$70$8BIO$97677$aORPH$bORPH$cKTS1_P$d2020-07-08$eKoopman$i19G09$oBIO OSTA a$p20125208$r2021-01-12 00:00:00$w2021-01-12$yBOO$OKoopman
=999  \\$d7679

