=LDR  01035cam a2200229 a 4500
=001  7680
=005  20251001162312.0
=008  891023s1993\\\\vtuag\\\\b\\\\001\0\eng\\
=020  \\$a0892812656 :$c$29.95
=040  \\$aOI
=041  \\$aeng
=100  \\$4edt$aGodwin, Joscelyn$911167
=245  04$aThe Harmony of the Spheres:$bA Sourcebook of the Pythagorean Tradition in Music
=260  \\$aRochester, VT$bInner Traditions International$c1993
=300  \\$axiii, 495 p. :$bill., music ;$c24 cm.
=504  \\$aIncludes bibliographical references (p. 477-481) and indexes.
=600  \0$aPythagoras$dfl. 6th century BC$1http://www.wikidata.org/entity/Q10261$921682
=650  \0$aHarmony of the spheres$1http://www.wikidata.org/entity/Q1478979$92786
=650  \0$aMusic philosophy and aesthetics$1http://www.wikidata.org/entity/Q2092865$921165
=942  \\$cBOO
=952  \\$00$10$2ddc$40$6GHM_2_000000000000000$70$8GHM$97678$aORPH$bORPH$cKM12_1$d2020-07-08$eKoopman$i42D32$l0$oGHM2$p20120053$r2021-01-12 00:00:00$w2021-01-12$yBOO
=999  \\$c7680$d7680

