=LDR  01245cam a22002414a 4500
=001  7681
=008  090424s2009\\\\gw\abcj\\b\\\\000\0ager\c
=041  \\$ager
=100  \\$aStreicher, Johann Baptist$d1796-1871$1http://www.wikidata.org/entity/Q87374$4aut$911168
=245  14$aDas Reisetagebuch des Klavierbauers Johann Baptist Streicher 1821-1822.$bText und Kommentar
=260  \\$aTutzing $bSchneider$c2009
=300  \\$aix-349 pages$bill., map, ports., geneal. table $c24 cm
=504  \\$aIncludes bibliographical references (p. 297-314) and indexes.
=648  \0$a19th Century (1801-1900)$1http://www.wikidata.org/entity/Q6955$920935
=650  \0$aTravel$1http://www.wikidata.org/entity/Q61509$94440
=650  \0$aPiano$1http://www.wikidata.org/entity/Q5994$92127
=650  \0$aDiary$1http://www.wikidata.org/entity/Q185598$921711
=651  \0$aAustria$1http://www.wikidata.org/entity/Q40$9202
=700  \\$aGoebl-Streicher, Uta$1http://www.wikidata.org/entity/Q104322982$4edt$911170
=700  \\$aStreicher, Jutta$911171$4edt
=942  \\$cBOO
=952  \\$00$10$2ddc$40$6INS_3_000000000000000_3B_STRE$70$8INS$97679$aORPH$bORPH$cKTS0$d2020-07-08$eKoopman$i41E08$l0$oINS3.3b STRE$p20122104$r2021-01-12 00:00:00$w2021-01-12$yBOO$OKoopman
=999  \\$d7681

