=LDR  01411nam a2200301 a 4500
=001  7683
=005  20250120120521.0
=008  880405s1987\\\\sz\\\\\\\\\\\\001\0ager\\
=020  \\$a3760827179
=040  \\$aOI
=041  \\$ager
=100  \\$aGoethe, Johann Wolfgang von$d1749-1832$4crp$1http://www.wikidata.org/entity/Q5879$911175
=245  10$aGoethe, Zelter:$bBriefwechsel
=260  \\$aZürich$bArtemis$c1987
=300  \\$axxxi-437 pages$c20 cm
=590  \\$aAuswahl, Vorwort und Kommentar von Werner Pfister
=600  \0$aGoethe, Johann Wolfgang von$d1749-1832$1http://www.wikidata.org/entity/Q5879$911175
=600  \0$aZelter, Carl Friedrich$d1758-1832$1http://www.wikidata.org/entity/Q58857$922803
=648  \0$a19th Century (1801-1900)$1http://www.wikidata.org/entity/Q6955$920935
=650  \0$aComposer$1http://www.wikidata.org/entity/Q36834$93625
=650  \0$aWriter$1http://www.wikidata.org/entity/Q36180$93885
=650  \0$aCorrespondence$1http://www.wikidata.org/entity/Q1784733$921392
=651  \0$aGermany$1http://www.wikidata.org/entity/Q183$9155
=700  \\$aZelter, Carl Friedrich$d1758-1832$4crp$1http://www.wikidata.org/entity/Q58857$922803
=700  \\$aPfister, Werner$4edt$911179
=942  \\$cBOO
=952  \\$00$10$2ddc$40$6BIO_GOET_A$70$8BIO$97681$aORPH$bORPH$cKTS1_P$d2020-07-08$eKoopman$i42F06$l0$oBIO GOET a$p20122008$r2021-01-12 00:00:00$w2021-01-12$yBOO$OKoopman
=999  \\$d7683

