=LDR  00981aam a2200217   4500
=001  7686
=008  221215s1931\\\\||||||||\||||\00|\f\ger\d
=041  \\$ager
=100  \\$aGoethe, Johann Wolfgang von$d1749-1832$4aut$1http://www.wikidata.org/entity/Q5879$911175
=245  \\$aDie Leiden des jungen Werthers
=260  \\$aMaastricht$bHalcyon$c1931
=534  \\$aOriginally published in 1774
=590  \\$aKupferstiche von J. Buckland Wright
=648  \0$a18th Century (1701-1800)$1http://www.wikidata.org/entity/Q7015$920899
=650  \0$aNovel$1http://www.wikidata.org/entity/Q8261$921629
=650  \0$aCorrespondence$1http://www.wikidata.org/entity/Q1784733$921392
=650  \0$aSuicide$1http://www.wikidata.org/entity/Q10737$925230
=651  \0$aGermany$1http://www.wikidata.org/entity/Q183$9155
=942  \\$cBOO
=952  \\$00$10$2ddc$40$6LIT_GOET_A$70$8LIT$97684$aORPH$bORPH$cKM12_2_H$d2020-07-08$eKoopman$i40B01$oLIT GOET a$p20120334$r2021-01-12 00:00:00$w2021-01-12$yBOO
=999  \\$d7686

