=LDR  00819aam a2200181   4500
=001  7687
=008  221215b\\\\\\\\||||||||\||||\00|\p\ger\d
=041  \\$ager
=100  \\$aGoethe, Johann Wolfgang von$d1749-1832$4aut$1http://www.wikidata.org/entity/Q5879$911175
=245  \\$aGedichte:$bvollständige Ausgabe
=260  \\$aStuttgart$bCotta$cs.d.
=648  \0$a18th Century (1701-1800)$1http://www.wikidata.org/entity/Q7015$920899
=648  \0$a19th Century (1801-1900)$1http://www.wikidata.org/entity/Q6955$920935
=650  \0$aPoetry$1http://www.wikidata.org/entity/Q482$93026
=651  \0$aGermany$1http://www.wikidata.org/entity/Q183$9155
=942  \\$cBOO
=952  \\$00$10$2ddc$40$6LIT_GOET_A$70$8LIT$97685$aORPH$bORPH$cKM12_2_H$d2020-07-08$eKoopman$i40B02$oLIT GOET a$p20120333$r2021-01-12 00:00:00$w2021-01-12$yBOO
=999  \\$d7687

