=LDR  01095aam a2200229   4500
=001  7688
=008  221215m19491950||||||||\||||\00|\d\ger\d
=041  \\$ager
=100  \\$aGoethe, Johann Wolfgang von$d1749-1832$4aut$1http://www.wikidata.org/entity/Q5879$911175
=245  \\$aFaust
=260  \\$aLeiden$bBrill$c1949-50
=300  \\$a2 vols.
=600  \0$aFaust$1http://www.wikidata.org/entity/Q332885$922646
=648  \0$a19th Century (1801-1900)$1http://www.wikidata.org/entity/Q6955$920935
=650  \0$aPlay (theater)$1http://www.wikidata.org/entity/Q25379$921414
=650  \0$aRomanticism$1http://www.wikidata.org/entity/Q37068$921719
=651  \0$aGermany$1http://www.wikidata.org/entity/Q183$9155
=700  \\$4edt$aWitkowski, G.$925462
=942  \\$cBOO
=952  \\$00$10$2ddc$40$6LIT_GOET_A$70$8LIT$97686$aORPH$bORPH$cKM12_2_H$d2020-07-08$eKoopman$i40B03-1$oLIT GOET a$p20120332$r2021-01-12 00:00:00$w2021-01-12$yBOO
=952  \\$00$10$2ddc$40$6LIT_GOET_A$70$8LIT$97687$aORPH$bORPH$cKM12_2_H$d2020-07-08$eKoopman$i40B03-2$oLIT GOET a$p20120331$r2021-01-12 00:00:00$w2021-01-12$yBOO
=999  \\$d7688

