=LDR  01491nam a22003017i 4500
=001  7690
=003  OI
=005  20250121142122.0
=008  200831r19021965gw\||||||\\\\|||||\|ger|c
=040  \\$bOI
=041  \7$ager
=100  1\$aGöhler, Karl Albert$4aut
=245  10$aVerzeichnis der in den Frankfurter und Leipziger Messkatalogen der Jahre 1564 bis 1759 angezeigten Musikalien
=260  \\$aHilversum$bKnuf$c1965
=300  \\$a64-96-34 pages$c24 cm
=500  \\$aThis is a reprint of the dissertation by Göhler from 1902, which is also in the collection. 
=534  \\$cLeipzig, 1902
=590  \\$aAngefertigt und mit Vorschlägen zur Förderung der musikalischen Bücherbeschreibung begleitet von Dr. Albert Göhler
=648  \0$a16th Century (1501-1600)$1http://www.wikidata.org/entity/Q7017$920944
=648  \0$a17th Century (1601-1700)$1http://www.wikidata.org/entity/Q7016$920923
=648  \0$a18th Century (1701-1800)$1http://www.wikidata.org/entity/Q7015$920899
=650  \0$aBook$1http://www.wikidata.org/entity/Q571$92285
=650  \0$aMusic printing$1http://www.wikidata.org/entity/Q64416036$94007
=650  \0$aExhibition$1http://www.wikidata.org/entity/Q464980$925353
=651  \0$aFrankfurt am Main (Germany)$1http://www.wikidata.org/entity/Q1794$921575
=942  \\$cBOO
=952  \\$00$10$2ddc$40$6BIB_3_000000000000000_GOHL$70$8BIB$97688$aORPH$bORPH$cKTS0$d2020-07-08$eKoopman$i34A21$l0$oBIB3 GOHL$p20122640$r2021-01-12 00:00:00$w2021-01-12$yBOO$OKoopman
=999  \\$d7690

