=LDR  00888aam a2200193   4500
=001  7692
=008  250902s1999\\\\||||||||\||||\00|\0\dut\d
=020  \\$a9076452210
=041  \\$adut
=100  \\$aGoinga, H. van$911184$4aut
=245  \\$aAlom te bekomen:$bveranderingen in de boekindustrie in de Republiek 1720-1800
=260  \\$aAmsterdam$bDe Buitenkant$c1999
=648  \0$a18th Century (1701-1800)$1http://www.wikidata.org/entity/Q7015$920899
=650  \0$aBook$1http://www.wikidata.org/entity/Q571$92285
=650  \0$aPublishing$1http://www.wikidata.org/entity/Q3972943$93049
=651  \0$aNetherlands$1http://www.wikidata.org/entity/Q55$1http://www.wikidata.org/entity/Q29999$9173
=942  \\$cBOO
=952  \\$00$10$2ddc$40$6BIB_3_000000000000000_NL_5$70$8BIB$97690$aORPH$bORPH$cKTS0$d2020-07-08$eKoopman$i25B24$l0$oBIB3 NL 5$p20129200$r2021-01-12 00:00:00$w2021-01-12$yBOO$OKoopman
=999  \\$d7692

