=LDR  00953aam a2200205   4500
=001  7694
=008  250217s1992\\\\|||a||||\||||\00|\0\ger\d
=020  \\$a3789702102
=041  \\$ager
=100  \\$aGolder, J.$911186$4aut
=245  \\$aBayerische Klosterbibliotheken
=260  \\$c1992$aFreilassing$bPannonia
=300  \\$a48 pages
=500  \\$aReisach, Polling, Ottobeuren, Buxheim, Scheyern, Au am Inn, Herrenchiemsee, F:urstenzell, Passau, Aldersbach, Metten, Windberg, Regensburg, Plankstetten, Waldsassen, Dillingen, and others. 
=650  \0$aMonastery$1http://www.wikidata.org/entity/Q44613$926216
=650  \0$aLibrary$1http://www.wikidata.org/entity/Q7075$94229
=651  \0$aBavaria (Germany)$1http://www.wikidata.org/entity/Q980$9228
=942  \\$cBOO
=952  \\$00$10$2ddc$40$6BIB_4_000000000000000_DE_BAV$70$8BIB$97692$aORPH$bORPH$cKTS0$d2020-07-08$eKoopman$i28B51$l0$oBIB4 DE.BAV$p20130341$r2021-01-12 00:00:00$w2021-01-12$yBOO$OKoopman
=999  \\$d7694

