=LDR  00867cam a2200193 a 4500
=001  7695
=005  20250120120024.0
=008  950413s1995\\\\maua\\\\\\\\\\001\0\eng\\
=020  \\$a0300063415 (acid-free paper)
=040  \\$aOI
=110  \\$aIsabella Stewart Gardner Museum.$91329
=245  14$aThe Isabella Stewart Gardner Museum :$ba companion guide and history /$cHilliard T. Goldfarb ; new photography by David Bohl.
=260  \\$aBoston :$bIsabella Stewart Gardner Museum ;$aNew Haven :$bYale University Press,$cc1995.
=300  \\$aviii, 152 p. :$bill. (some col.) ;$c25 cm.
=610  \0$aIsabella Stewart Gardner Museum$91330
=700  \\$aGoldfarb, Hilliard T.$911187
=942  \\$cBOO
=952  \\$00$10$2ddc$40$6VIS_GOLD$70$8VIS$97693$aORPH$bORPH$cKTS1_H$d2020-07-08$eKoopman$i38E18$l0$oVIS GOLD$p20120383$r2021-01-12 00:00:00$w2021-01-12$yBOO$OKoopman
=999  \\$c7695$d7695

