=LDR  00916aam a2200217   4500
=001  7696
=008  220120s1999\\\\nl\af|||\||||\00|\0\ger\d
=020  \\$a909013185X
=041  \\$ager
=100  \\$aGoldhoorn, Luuk$4aut$911188
=245  \\$aDie Österreichische Spielwerkemanufaktur im 19. Jahrhundert
=260  \\$aRotterdam$c1999
=300  \\$a175 pages
=648  \0$a19th Century (1801-1900)$1http://www.wikidata.org/entity/Q6955$920935
=650  \0$aHistory$1http://www.wikidata.org/entity/Q309$921403
=650  \0$aMechanical device$1http://www.wikidata.org/entity/Q1882685$92247
=650  \1$aAutomaton$1http://www.wikidata.org/entity/Q787116$923484
=651  \0$aAustria$1http://www.wikidata.org/entity/Q40$9202
=942  \\$cBOO
=952  \\$00$10$2ddc$40$6INS_10_000000000000000_9A_AT$70$8INS$97694$aORPH$bORPH$cKTS0$d2020-07-08$eKoopman$i46D12$oINS10.9a AT$p20127695$r2021-01-12 00:00:00$w2021-01-12$yBOO
=999  \\$d7696

