=LDR  00382    a2200121   4500
=001  7697
=020  \\$a3874372596
=100  \\$aGoldmann, A.$911189
=245  \\$aMeinrad Spieß
=260  \\$c1987
=942  \\$cBOO
=952  \\$00$10$2ddc$40$6BIO_SPIE2_D$70$8BIO$97695$aORPH$bORPH$cKTS1_P$d2020-07-08$eKoopman$i33E36$l0$oBIO SPIE2 d$p20120953$r2021-01-12 00:00:00$w2021-01-12$yBOO$OKoopman
=999  \\$c7697$d7697

