=LDR  00968aam a2200217   4500
=001  7698
=008  220819s1987\\\\||||||||\||||\00|\0ager\d
=020  \\$a3610084227
=041  \\$ager$hita
=100  \\$aGoldoni, Carlo$d1707-1793$4aut$1http://www.wikidata.org/entity/Q165534$911653
=245  \\$a"Meine Helden sind Menschen":$bMemoiren
=260  \\$aFrankfurt am Main$bAthenäum$c1987
=648  \0$a18th Century (1701-1800)$1http://www.wikidata.org/entity/Q7015$920899
=650  \0$aWriter$1http://www.wikidata.org/entity/Q36180$93885
=650  \0$aComedy$1http://www.wikidata.org/entity/Q40831$921436
=650  \0$aBiography$1http://www.wikidata.org/entity/Q36279$91927
=651  \0$aVenice (Italy)$1http://www.wikidata.org/entity/Q641$91
=700  \\$4trl$aSchumann, E.$924703
=942  \\$cBOO
=952  \\$00$10$2ddc$40$6BIO_GOLD_A$70$8BIO$97696$aORPH$bORPH$cKTS1_P$d2020-07-08$eKoopman$i31F30$oBIO GOLD a$p20123144$r2021-01-12 00:00:00$w2021-01-12$yBOO$OKoopman
=999  \\$d7698

