=LDR  02061aam a2200301   4500
=001  7702
=005  20251028170719.0
=008  211124m19011904\\\gh|||\||||\00|\0\ger\d
=041  \\$ager$dita
=059  \\$avv str bc
=100  \\$aGoldschmidt, Hugo$d1859-1920$4aut$911191
=245  \\$aStudien zur Geschichte der italienischen Oper im 17. Jahrhundert
=260  \\$aLeipzig$bBreitkopf & Härtel$c1901$c1904
=260  \\$aHildesheim$bOlms$c1967
=300  \\$a2 volumes ([vi]-412+[vi]-203-[2] pages)
=505  \\$gErster Band: I. Die römische Oper der Jahre 1600-1647 - II. Die musikalische Komödie des 17. Jahrhunderts. Opera Buffa -  III. Das Orchester der italienischen Oper im 17. Jahrhundert -- Zweiter Band: I.Das Musikdrama: L'incoronazione di Poppea von Giov. Franc. Busenello, in Musik gesetzt von Claudio Monteverdi, aufgeführt zu Venedig im Teatro Grimano im Jahre 1642 - II. Musik und Drama - III. Libretto von 1656 - IV. Revisionsbericht und Partitur
=534  \\$aOriginally published in 1901 and 1904
=600  \0$aMonteverdi, Claudio$d1567-1643$1http://www.wikidata.org/entity/Q53068$910794
=648  \0$a17th Century (1601-1700)$1http://www.wikidata.org/entity/Q7016$920923
=650  \0$aOpera$1http://www.wikidata.org/entity/Q1344$92468
=650  \0$aMusic history$1http://www.wikidata.org/entity/Q846047$921373
=650  \0$aLibretto$1http://www.wikidata.org/entity/Q131084$94031
=651  \0$aItaly$1http://www.wikidata.org/entity/Q38$922
=942  \\$cBOO
=952  \\$00$10$2ddc$3Zweiter Band$40$6TOP_IT_5_000000000000000$70$8TOP$97699$aORPH$bORPH$cKTS0$d2020-07-08$eKoopman$i19C03b$oTOP IT 5$p20127933$r2021-01-12 00:00:00$w2021-01-12$yBOO
=952  \\$00$10$2ddc$3Erster Band$40$6TOP_IT_5_000000000000000$70$8TOP$97700$aORPH$bORPH$cKTS0$d2020-07-08$eKoopman$i19C03a$oTOP IT 5$p20127934$r2021-01-12 00:00:00$w2021-01-12$yBOO
=952  \\$00$10$2ddc$3Reprint 2 vols. in one$40$6TOP_IT_5_000000000000000$70$8TOP$928043$aORPH$bORPH$cKTS0$d2020-07-08$eKoopman$i20F01$l0$oTOP IT 5$p20128107$r2025-10-28 17:02:19$w2021-01-12$yBOO
=999  \\$d7702

