=LDR  00998    a2200241   4500
=001  7704
=008  211022r18921997gw\g||||\||||\00|\0\ger\d
=020  \\$a3487104040
=041  \\$ager$aita
=100  \\$aGoldschmidt, Hugo$d1859-1920$4aut$911191
=245  \\$aDie italienische Gesangsmethode des XVII. Jahrhunderts und ihre Bedeutung für die Gegenwart
=260  \\$c1997$aGermany$bGeorg Olms
=300  \\$a137 pages
=336  \\$afacsimile
=500  \\$aIt contains 68 pages of scores and musical samples.
=561  \\$aEx Libris Ton Koopman
=648  \0$a16th Century (1501-1600)$1http://www.wikidata.org/entity/Q7017$920944
=650  \0$aVocal music$1http://www.wikidata.org/entity/Q685884$93319
=650  \0$aSinger$1http://www.wikidata.org/entity/Q177220$93915
=651  \0$aItaly$1http://www.wikidata.org/entity/Q38$922
=942  \\$cBOO
=952  \\$00$10$2ddc$40$6INS_2C$70$8INS$97702$aORPH$bORPH$cKTS0$d2020-07-08$eKoopman$i28B21$oINS2c$p20123632$r2021-01-12 00:00:00$w2021-01-12$yBOO
=999  \\$d7704

