=LDR  01164aam a2200229   4500
=001  7706
=008  250219s1964\\\\||||||||\c|||\00|\0\ger\d
=041  \\$ager
=100  \\$aGöller, Gottfried$911192$4aut
=245  \\$aDie Leiblsche Sammlung.$bKatalog der Musikalien der Kölner Domcapelle
=260  \\$aCologne$bVolk$c1964
=300  \\$a133 pages
=490  \\$aBeiträge zur Rheinischen Musikgeschichte $v57
=600  \0$aLeibl, Carl$d1784-1870$1http://www.wikidata.org/entity/Q1039409$939744
=610  \0$aKölner Dom (Cologne, Germany)$1http://www.wikidata.org/entity/Q4176$921621
=648  \0$a18th Century (1701-1800)$1http://www.wikidata.org/entity/Q7015$920899
=648  \0$a19th Century (1801-1900)$1http://www.wikidata.org/entity/Q6955$920935
=650  \0$aChurch music$1http://www.wikidata.org/entity/Q8812109$1http://www.wikidata.org/entity/Q1065742$92283
=651  \0$aCologne (Germany)$1http://www.wikidata.org/entity/Q365$921601
=942  \\$cBOO
=952  \\$00$10$2ddc$40$6BIB_4_000000000000000_DE_COL_LEIB$70$8BIB$97704$aORPH$bORPH$cKTS0$d2020-07-08$eKoopman$i37E30$l0$oBIB4 DE.COL LEIB$p20120508$r2021-01-12 00:00:00$w2021-01-12$yBOO$OKoopman
=999  \\$d7706

