=LDR  01059cam a22002414a 4500
=001  7707
=005  20250307161452.0
=008  001207s2001\\\\nyua\\\\\bk\\\001\0beng\\
=020  \\$a1576470415
=040  \\$aOI
=100  \\$aGollin, James$911193
=245  10$aPied Piper :$bthe many lives of Noah Greenberg /$cby James Gollin.
=260  \\$aHillsdale, NY :$bPendragon Press,$cc2001.
=300  \\$ax, 427 p. :$bill. ;$c24 cm.
=504  \\$aIncludes bibliographical references (p. 399-403), discography (p. 404-410), and index.
=600  \0$aGreenberg, Noah$d1919-1966$911194
=650  \0$aConductor$1http://www.wikidata.org/entity/Q158852$93134
=650  \0$aEarly music$1http://www.wikidata.org/entity/Q436016$93160
=610  \0$aNew York Pro Musica (New York City, USA)$1http://www.wikidata.org/entity/Q16956406$91331
=942  \\$cBOO
=952  \\$00$10$2ddc$40$6BIO_GREE_D$70$8BIO$97705$aORPH$bORPH$cKTS1_P$d2020-07-08$eKoopman$i22A55$l0$oBIO GREE d$p20125582$r2021-01-12 00:00:00$w2021-01-12$yBOO$OKoopman
=999  \\$c7707$d7707
=490  \\$aLives in music series ;

