=LDR  01702cam a2200301 a 4500
=001  7708
=005  20250416111211.0
=008  800510s1979\\\\\\\g\\\\\b\\\\001\0\ger\\
=020  \\$a3873280272 (v. 2)
=040  \\$aOI
=041  \\$ager
=110  \\$aBayerische Staatsbibliothek (Munich, Germany)$91333
=245  10$aBayerische Staatsbibliothek, Katalog der Musikhandschriften$n2$pTabulaturen und Stimmbücher bis zur Mitte des 17. Jahrhunderts
=260  \\$aMunich$bHenle$c1979
=300  \\$a230 pages
=490  \\$aKataloge Bayerischer Musiksammlungen $v5,2
=504  \\$aIncludes bibliographies and indexes.
=505  1\$aBayerische Staatsbibliothek, Katalog der Musikhandschriften: vol. 1. Bente, B., et al. Chorbücher und Handschriften in chorbuchartiger Notierung, mit einem Anhang, Nachträge zu den Tabulaturen und Stimmbüchern KBM Band 5/2 -- vol. 2. Göllner, M. L. Tabulaturen und Stimmbücher bis zur Mitte des 17. Jahrhunderts -- vol. 3. Wackernagel, B. Collectio musicalis Maximilianea.
=610  \0$aBayerische Staatsbibliothek (Munich, Germany)$91333
=648  \0$a16th Century (1501-1600)$1http://www.wikidata.org/entity/Q7017$920944
=650  \0$aManuscript$1http://www.wikidata.org/entity/Q87167$92275
=650  \0$aTablature$1http://www.wikidata.org/entity/Q143217$93722
=650  \0$aVocal music$1http://www.wikidata.org/entity/Q685884$93319
=651  \0$aGermany$1http://www.wikidata.org/entity/Q183$9155
=700  1\$aGöllner, Marie Louise$911196$4edt
=942  \\$cBOO
=952  \\$00$10$2ddc$40$6BIB_3_000000000000000_DE_MUN1$70$8BIB$97706$aORPH$bORPH$cKTS0$d2020-07-08$eKoopman$i45G03$l0$oBIB3 DE.MUN1$p20127563$r2021-01-12 00:00:00$w2021-01-12$yBOO$OKoopman
=999  \\$d7708

