=LDR  01327aam a2200265   4500
=001  7709
=005  20250926134855.0
=008  231211s2004\\\\||||||||\m|||\00|\0\eng\d
=041  \\$aeng
=100  \\$aGolomb, U.$911197$4aut
=245  \\$aExpression and Meaning in Bach Performance and Reception:$bAn Examination of the B minor Mass on Record
=260  \\$aCambridge$bUniversity of Cambridge$c2004
=500  \\$aDissertation, University of Cambridge
=561  \\$aWritten letter to Ton Koopman from the author
=600  \0$aBach, Johann Sebastian$d1685-1750$1http://www.wikidata.org/entity/Q1339$94766
=648  \0$a18th Century (1701-1800)$1http://www.wikidata.org/entity/Q7015$920899
=650  \0$aMass$1http://www.wikidata.org/entity/Q217295$92735
=650  \0$aReception$1http://www.wikidata.org/entity/Q1791660$925021
=650  \0$aMusical expression$1http://www.wikidata.org/entity/Q6942545$94017
=650  \0$aPerformance$1http://www.wikidata.org/entity/Q6942562$926223
=650  \0$aSound recording industry$1http://www.wikidata.org/entity/Q10302058$92246
=651  \0$aLeipzig (Germany)$1http://www.wikidata.org/entity/Q2079$945
=942  \\$cBOO
=952  \\$00$10$2ddc$40$6BIO_BACH1_E$70$8BIO$97707$aORPH$bORPH$cKTS1_P$d2020-07-08$eKoopman$i31G10$oBIO BACH1 e$p20121026$r2021-01-12 00:00:00$w2021-01-12$yBOO
=999  \\$d7709

