=LDR  00989aam a2200217   4500
=001  7713
=008  230524s1967\\\\||||||||\||||\00|\0bger\d
=041  \\$ager
=100  1\$aGombosi, Otto$d1902-1955$4aut$1http://www.wikidata.org/entity/Q22670556$911201
=245  \\$aDer Lautenist Valentin Bakfark:$bLeben und Werke (1507-1576)
=260  \\$c1967$aKassel$bBärenreiter
=300  \\$a135 pages
=490  \\$aMusicologia Hungarica$v1
=600  10$1http://www.wikidata.org/entity/Q788956$aBakfark, Bálint$d1507-1576$926237
=648  \0$1http://www.wikidata.org/entity/Q7017$a16th Century (1501-1600)$920944
=650  \0$1http://www.wikidata.org/entity/Q36834$aComposer$93625
=650  \0$1http://www.wikidata.org/entity/Q36279$aBiography$91927
=650  \0$1http://www.wikidata.org/entity/Q180733$aLute$93944
=942  \\$cBOO
=952  \\$00$10$2ddc$40$6BIO_BAKF1_D$70$8BIO$97711$aORPH$bORPH$cKTS1_P$d2020-07-08$eKoopman$i32C12$oBIO BAKF1 d$p20122908$r2021-01-12 00:00:00$w2021-01-12$yBOO
=999  \\$d7713

