=LDR  00367    a2200109   4500
=001  7716
=100  \\$aGonzalez-Palacios, A.$911204
=245  \\$aAmbrogio Lorenzetti
=260  \\$c1968
=942  \\$cBOO
=952  \\$00$10$2ddc$40$6BIO_LORE_B$70$8BIO$97714$aORPH$bORPH$cKTS1_P$d2020-07-08$eKoopman$i20G14$l0$oBIO LORE b$p20128174$r2021-01-12 00:00:00$w2021-01-12$yBOO$OKoopman
=999  \\$c7716$d7716

