=LDR  01054cam a2200217 a 4500
=001  7718
=008  850830s1986\\\\enkaf\\\\b\\\\001\0\eng\d
=041  \\$aeng
=100  \\$aGoodden, Angelica$d1953-$1http://www.wikidata.org/entity/Q119335089$4aut$911206
=245  10$aActio and Persuasion:$bDramatic Performance in Eighteenth-Century France
=260  \\$aOxford$bClarendon$c1986
=300  \\$avi-200 pages, [8] pages of plates
=504  \\$aBibliography: p. [177]-190.
=648  \0$a18th Century (1701-1800)$1http://www.wikidata.org/entity/Q7015$920899
=650  \0$aTheater history$1http://www.wikidata.org/entity/Q1061140$94607
=650  \0$aRhetoric$1http://www.wikidata.org/entity/Q81009$93894
=650  \0$aActing$1http://www.wikidata.org/entity/Q222749$92807
=651  \0$aFrance$1http://www.wikidata.org/entity/Q142$9131
=942  \\$cBOO
=952  \\$00$10$2ddc$40$6TOP_FR_5_000000000000000$70$8TOP$97716$aORPH$bORPH$cKTS0$d2020-07-08$eKoopman$i25D24$l1$oTOP FR 5$p20129333$q2025-07-22$r2025-06-24 14:59:15$s2025-06-24$w2021-01-12$yBOO$OKoopman
=999  \\$d7718

