=LDR  00354    a2200109   4500
=001  7719
=100  \\$aGool, A. van$911207
=245  \\$aTema con variazioni
=260  \\$c1963
=942  \\$cBOO
=952  \\$00$10$2ddc$40$6VIS_GOOL$70$8VIS$97717$aORPH$bORPH$cKTS1_H$d2020-07-08$eKoopman$i18B40$l0$oVIS GOOL$p20127719$r2021-01-12 00:00:00$w2021-01-12$yBOO$OKoopman
=999  \\$c7719$d7719

