=LDR  01275cam a2200277 a 4500
=001  7720
=005  20250120120344.0
=008  010711s1999\\\\gw\agh\\\b\\\\111\0deng\\
=020  \\$a3487110407
=040  \\$aOI
=041  0\$aengfreger
=245  00$aQuellenstudien zu Jean-Baptiste Lully = :$bl'œuvre de Lully : études des sources : hommage à Lionel Sawkins /$cherausgegeben von Jérôme de La Gorce und Herbert Schneider.
=246  31$aOeuvre de Lully :$bhommage à Lionel Sawkins
=260  \\$aHildesheim ;$aNew York :$bOlms,$c1999.
=300  \\$a408 p. :$bill., facsims., music ;$c21 cm.
=546  \\$aArticles in English, French, and German.
=504  \\$aIncludes bibliographical references and indexes.
=600  \0$aLully, Jean-Baptiste$d1632-1687$1http://www.wikidata.org/entity/Q1192$95867
=600  \0$aLully, Jean-Baptiste$d1632-1687$1http://www.wikidata.org/entity/Q1192$95867
=600  \0$aSawkins, Lionel$911210
=700  \\$aLa Gorce, Jérôme de$911211
=700  \\$aSchneider, Herbert$d1941-$911212
=942  \\$cBOO
=952  \\$00$10$2ddc$40$6BIO_LULL_E$70$8BIO$97718$aORPH$bORPH$cKTS1_P$d2020-07-08$eKoopman$i28D40$oBIO LULL e$p20123568$r2021-01-12 00:00:00$w2021-01-12$yBOO$OKoopman
=999  \\$c7720$d7720
=490  \\$aMusikwissenschaftliche Publikationen,

