=LDR  00415    a2200121   4500
=001  7723
=020  \\$a9029518057
=100  \\$aGorter, Herman$d1864-1927$1http://www.wikidata.org/entity/Q325191$95069
=245  \\$aLiedjes
=260  \\$c1981
=942  \\$cBOO
=952  \\$00$10$2ddc$40$6LIT_GORT_A$70$8LIT$97721$aORPH$bORPH$cKM12_2_H$d2020-07-08$eKoopman$i40G06$oLIT GORT a$p20122257$r2021-01-12 00:00:00$w2021-01-12$yBOO
=999  \\$c7723$d7723

