=LDR  00392    a2200109   4500
=001  7724
=100  \\$aGorter, Herman$d1864-1927$1http://www.wikidata.org/entity/Q325191$95069
=245  \\$aLiedjes III
=260  \\$c1930
=942  \\$cBOO
=952  \\$00$10$2ddc$40$6LIT_GORT_A$70$8LIT$97722$aORPH$bORPH$cKM12_2_H$d2020-07-08$eKoopman$i43E03$oLIT GORT a$p20127157$r2021-01-12 00:00:00$w2021-01-12$yBOO
=999  \\$c7724$d7724

