=LDR  00361    a2200109   4500
=001  7726
=100  \\$aGotlieb, H. B.$911217
=245  \\$aWilliam Beckford of Fonthill
=260  \\$c1960
=942  \\$cBOO
=952  \\$00$10$2ddc$40$6BIO_BECKF1_D$70$8BIO$97724$aORPH$bORPH$cKTS1_P$d2020-07-08$eKoopman$i41A20$oBIO BECKF1 d$p20120195$r2021-01-12 00:00:00$w2021-01-12$yBOO
=999  \\$c7726$d7726

