=LDR  01023cam a2200265 a 4500
=001  7728
=005  20250120120548.0
=008  101220s2010\\\\gw\af\\\\\\\\\001\0\ger\d
=041  \\$ager
=042  \\$alccopycat
=043  \\$ae-gx---
=245  10$aOrgeln im Ruhrgebiet
=250  \\$a1. Aufl.
=260  \\$aCologne$bBachem$c2010
=300  \\$a218 pages$bchiefly col. ill. $c25 cm
=650  \0$aOrgan$1http://www.wikidata.org/entity/Q1444$92810
=650  \0$aOrganology$1http://www.wikidata.org/entity/Q899293$921400
=650  \0$aMusic history$1http://www.wikidata.org/entity/Q846047$921373
=651  \0$aGermany$1http://www.wikidata.org/entity/Q183$9155
=651  \0$aRuhr (Germany)$1http://www.wikidata.org/entity/Q151993$923708
=700  \\$aIsenberg, Eckhard$4aut$911219
=700  \\$aGöttert, Karl-Heinz$4aut$911218
=942  \\$cBOO
=952  \\$00$10$2ddc$40$6INS_3_000000000000000_1A_DE$70$8INS$97726$aORPH$bORPH$cKTS0$d2020-07-08$eKoopman$i47C5$oINS 3.1a DE$p20123726$r2021-01-12 00:00:00$w2021-01-12$yBOO
=999  \\$d7728

