=LDR  01704aam a2200289   4500
=001  7729
=008  210710s1965\\\\\\\|||||\c|||\00|\0\ger\d
=041  \\$ager
=100  \\$aGottwald, Clytus$4aut$911221
=245  \\$aDie Handschriften der Ehemaligen Hofbibliothek Stuttgart $n6$pCodices musici 1 (HB XVII 1-28)
=260  \\$aWiesbaden$bHarrassowitz$c1965
=300  \\$a66 pages
=490  \\$aDie Handschriften der Württembergischen Landesbibliothek Stuttgart, zweite Reihe$v6.1
=561  \\$aOne exemplar carries an autograph dedication from the author to Carl Dahlhaus
=600  \0$aDahlhaus, Carl$d1928-1989$916277
=610  \0$aWürttembergische Landesbibliothek (Stuttgart, Germany)$1http://www.wikidata.org/entity/Q317950$926046
=648  \0$a17th Century (1601-1700)$1http://www.wikidata.org/entity/Q7016$920923
=648  \0$a18th Century (1701-1800)$1http://www.wikidata.org/entity/Q7015$920899
=650  \0$aLibrary$1http://www.wikidata.org/entity/Q7075$94229
=650  \0$aManuscript$1http://www.wikidata.org/entity/Q87167$92275
=650  \0$aVocal music$1http://www.wikidata.org/entity/Q685884$93319
=651  \0$aStuttgart (Germany)$1http://www.wikidata.org/entity/Q1022$921909
=710  \\$aWürttembergische Landesbibliothek (Stuttgart, Germany)$1http://www.wikidata.org/entity/Q317950$926046
=942  \\$cBOO
=952  \\$00$10$40$6BIB_4_000000000000000_DE_STU$70$8BIB$97727$aORPH$bORPH$cKTS0$d2020-07-08$eKoopman$i45F07$l0$oBIB4 DE.STU$p20121228$r2021-01-12 00:00:00$w2021-01-12$yBOO$OKoopman
=952  \\$00$10$2ddc$40$6BIB_4_000000000000000_DE_STU$70$8BIB$97733$aORPH$bORPH$cKTS0$d2020-07-08$eKoopman$i30C16$l0$oBIB4 DE.STU$p20127519$r2021-01-12 00:00:00$w2021-01-12$yBOO
=999  \\$d7729

