=LDR  01323aam a2200265   4500
=001  7732
=005  20251003085457.0
=008  220126s1968\\\\||||||||\c|||\00|\0\ger\d
=041  \\$ager
=100  \\$aGottwald, Clytus$4aut$911221
=245  \\$aDie Musikhandschriften der Universitätsbibliothek München
=260  \\$aWiesbaden$bHarrassowitz$c1968
=300  \\$a127 pages
=490  \\$aDie Handschriften der Universitätsbibliothek München$v2
=500  \\$aContains many annotations in pencil
=561  \\$aExlibris H. Schmid (small bookplate inside front cover)
=610  \0$aUniversitätsbibliothek der LMU München (Munich, Germany)$1http://www.wikidata.org/entity/Q2496326$923571
=648  \0$a15th Century (1401-1500)$1http://www.wikidata.org/entity/Q7018$921015
=648  \0$a16th Century (1501-1600)$1http://www.wikidata.org/entity/Q7017$920944
=650  \0$aManuscript$1http://www.wikidata.org/entity/Q87167$92275
=650  \0$aCatalogue$1http://www.wikidata.org/entity/Q2352616$921484
=710  \\$aUniversitätsbibliothek der LMU München (Munich, Germany)$1http://www.wikidata.org/entity/Q2496326$923571
=942  \\$cBOO
=952  \\$00$10$2ddc$40$6BIB_4_000000000000000_DE_MUN1$70$8BIB$97730$aORPH$bORPH$cKTS0$d2020-07-08$eKoopman$i45B11$oBIB4 DE.MUN1$p20127400$r2021-01-12 00:00:00$w2021-01-12$yBOO
=999  \\$d7732

