=LDR  01206nam a2200277 a 4500
=001  7733
=005  20250416135627.0
=008  940930s1993\\\\gw\a\\\\\bc\\\001\0\ger\d
=020  \\$a3447034203
=041  \\$ager
=100  \\$aGottwald, Clytus$911221$4aut
=245  10$aKatalog der Musikalien in der Schermar-Bibliothek Ulm
=260  \\$aWiesbaden$bHarrassowitz$c1993
=300  \\$axxvi-185 pages$bill. ;$c24 cm.
=490  \\$aVeröffentlichungen der Stadtbibliothek Ulm$v17
=610  \0$aSchermar-Bibliothek (Ulm, Germany)$91334
=648  \0$a17th Century (1601-1700)$1http://www.wikidata.org/entity/Q7016$920923
=650  \0$aMusic$92062
=650  \0$aManuscript$1http://www.wikidata.org/entity/Q87167$92275
=650  \0$aLibrary$1http://www.wikidata.org/entity/Q7075$94229
=650  \0$aMusic history$1http://www.wikidata.org/entity/Q846047$921373
=651  \0$aBaden-Württemberg (Germany)$1http://www.wikidata.org/entity/Q985$922802
=710  \\$aStadtbibliothek Ulm (Germany)$91335
=942  \\$cBOO
=952  \\$00$10$2ddc$40$6BIB_4_000000000000000_DE_ULM$70$8BIB$97731$aORPH$bORPH$cKTS0$d2020-07-08$eKoopman$i45B13$l0$oBIB4 DE.ULM$p20127398$r2021-01-12 00:00:00$w2021-01-12$yBOO$OKoopman
=999  \\$d7733

