=LDR  01516aam a2200265   4500
=001  7734
=005  20251003085457.0
=008  220126s1979\\\\||||||||\c|||\00|\0\ger\d
=020  \\$a3447019581
=041  \\$ager
=100  \\$aGottwald, Clytus$4aut$911221
=245  \\$aDie Musikhandschriften der Universitätsbibliothek und anderer öffentlicher Sammlungen in Freiburg im Breisgau und Umgebung
=260  \\$aWiesbaden$bHarrassowith$c1979
=300  \\$axx-224 pages
=490  \\$aKataloge der Universitätsbibliothek Freiburg im Breisgau$vBand 1, Teil 2
=561  \\$aTwo copies, one of which (45F06) is uncut and has a dedicatory letter from the author to Carl Dahlhaus; the other (30C18) has been read by Ton Koopman
=610  \0$aUniversitätsbibliothek Freiburg (Germany)$1http://www.wikidata.org/entity/Q2496308$923570
=650  \0$aManuscript$1http://www.wikidata.org/entity/Q87167$92275
=650  \0$aLibrary$1http://www.wikidata.org/entity/Q7075$94229
=650  \0$aCatalogue$1http://www.wikidata.org/entity/Q2352616$921484
=651  \0$aGermany$1http://www.wikidata.org/entity/Q183$9155
=942  \\$cBOO
=952  \\$00$10$2ddc$3Teil 2$40$6BIB_4_000000000000000_DE_FRE1$70$8BIB$97729$aORPH$bORPH$cKTS0$d2020-07-08$eKoopman$i30C18_02$oBIB4 DE.FRE1$p20121226$r2021-01-12 00:00:00$w2021-01-12$yBOO
=952  \\$00$10$2ddc$3Teil 2 uncut + letter$40$6BIB_4_000000000000000_DE_FRE1$70$8BIB$97732$aORPH$bORPH$cKTS0$d2020-07-08$eKoopman$i45F06$oBIB4 DE.FRE1$p20127520$r2021-01-12 00:00:00$w2021-01-12$yBOO
=999  \\$d7734

