=LDR  01319aam a2200241   4500
=001  7736
=008  230412s1964\\\\|||\||||\c|||\00|\0\ger\d
=041  \\$ager
=100  \\$aGottwald, Clytus$4aut$911221
=245  \\$a[Die Handschriften der Württembergischen Landesbibliothek Stuttgart]$n1.1$pCodices musici (Cod.Mus.Fol.I 1-71)
=260  \\$aWiesbaden$bHarassowitz$c1964
=300  \\$a184 pages
=490  \\$aDie Handschriften der Württembergischen Landesbibliothek Stuttgart, Erste Reihe$v1
=561  \\$aAutograph dedication from the author to Carl Dahlhaus
=610  \0$1http://www.wikidata.org/entity/Q317950$aWürttembergische Landesbibliothek (Stuttgart, Germany)$926046
=648  \0$a16th Century (1501-1600)$1http://www.wikidata.org/entity/Q7017$920944
=648  \0$a17th Century (1601-1700)$1http://www.wikidata.org/entity/Q7016$920923
=650  \0$aManuscript$1http://www.wikidata.org/entity/Q87167$92275
=650  \0$aVocal music$1http://www.wikidata.org/entity/Q685884$93319
=710  \\$aWürttembergische Landesbibliothek (Stuttgart, Germany)$1http://www.wikidata.org/entity/Q317950$926046
=942  \\$cBOO
=952  \\$00$10$2ddc$40$6BIB_4_000000000000000_DE_STU$70$8BIB$97734$aORPH$bORPH$cKTS0$d2020-07-08$eKoopman$i45F22$l0$oBIB4 DE.STU$p20127502$r2021-01-12 00:00:00$w2021-01-12$yBOO$OKoopman
=999  \\$d7736

