=LDR  01499aam a2200313   4500
=001  7738
=008  211119s2004\\\\\\\a||||\||||\00|\0\fre\d
=020  \\$a9782745310576
=022  \\$a12506060
=041  \\$afre
=100  \\$aGoulet, Anne-Madeleine$4aut$911223
=245  \\$aPoésie, musique et sociabilité au XVIIe siècle :$bles livres d'airs de différents auteurs publiés chez Ballard de 1658 à 1694
=260  \\$aParis$bChampion$c2004
=300  \\$a919 pages
=490  \\$aLumière classique$v55
=610  \0$aBallard family$1http://www.wikidata.org/entity/Q16479781$922326
=648  \0$a17th Century (1601-1700)$1http://www.wikidata.org/entity/Q7016$920923
=650  \0$aSong$1http://www.wikidata.org/entity/Q7366$94164
=650  \0$aPoetry$1http://www.wikidata.org/entity/Q482$93026
=650  \0$aSociety$1http://www.wikidata.org/entity/Q8425$94658
=650  \0$aVocal music$1http://www.wikidata.org/entity/Q685884$93319
=650  \0$aBook$1http://www.wikidata.org/entity/Q571$92285
=650  \0$aAir$1http://www.wikidata.org/entity/Q406714$924073
=650  \0$aMusic printing$1http://www.wikidata.org/entity/Q64416036$94007
=650  \0$aMusic publishing company$1http://www.wikidata.org/entity/Q1917775$927716
=651  \0$aFrance$1http://www.wikidata.org/entity/Q142$9131
=942  \\$cBOO
=952  \\$00$10$2ddc$40$6BIB_4_000000000000000_FR_BALL$70$8BIB$97736$aORPH$bORPH$cKTS0$d2020-07-08$eKoopman$i46F09$oBIB4 FR BALL$p20126913$r2021-01-12 00:00:00$w2021-01-12$yBOO
=999  \\$d7738

