=LDR  01492cam a2200301 a 4500
=001  7741
=005  20250826173051.0
=008  970602s1996\\\\it\a\\\\\b\\\\001\0\ita\\
=020  \\$a888514750X
=040  \\$aOI
=100  \\$aGraciotti, Riccardo$911230
=245  13$aLa Cappella musicale della Cattedrale di Osimo:$b1548-1714
=260  \\$aRome$bTorre d'Orfeo$c1996
=300  \\$a140 p. :$bill. ;$c21 cm.
=490  1\$aDocumenti e regesti / Università degli studi di Urbino, Istituto di storia dell'arte e di estetica, Storia della musica; Corso di laurea in conservazione beni culturali, Paleografia musicale;$v4
=504  \\$aIncludes bibliographical references (p. 11-15) and index.
=546  \\$aIn Italian; includes some documents in Latin.
=610  \0$aCattedrale di Osimo (Osimo, Italy).$91336
=648  \0$a16th Century (1501-1600)$1http://www.wikidata.org/entity/Q7017$920944
=648  \0$a17th Century (1601-1700)$1http://www.wikidata.org/entity/Q7016$920923
=648  \0$a18th Century (1701-1800)$1http://www.wikidata.org/entity/Q7015$920899
=650  \0$aCappella$1http://www.wikidata.org/entity/Q19902156$922910
=650  \0$aChurch music$1http://www.wikidata.org/entity/Q8812109$92283
=650  \0$aCatholicism$1http://www.wikidata.org/entity/Q1841$921631
=651  \0$aItaly$1http://www.wikidata.org/entity/Q38$922
=942  \\$cBOO
=952  \\$00$10$2ddc$40$70$8TOP$97739$aORPH$bORPH$cKTS0$d2020-07-08$eKoopman$p20120521$r2021-01-12 00:00:00$w2021-01-12$yBOO
=999  \\$d7741

