=LDR  01523cam a2200301 a 4500
=001  7742
=005  20250129122153.0
=008  860221s1984\\\\gw\ag\\\\b\\\\000\0bger\\
=020  \\$a3795903424 (set) :$cDM47.60
=040  \\$aOI
=041  \\$ager
=100  \\$aGradenwitz, Peter$d1910-2001$911231$4aut
=245  10$aJohann Stamitz.$bLeben, Umwelt, Werke
=260  \\$aWilhelmshaven$bHeinrichshofen$c1984
=300  \\$a2 volumes (455 pages)$billustrations, music$c18 cm
=490  \\$aTaschenbücher zur Musikwissenschaft$v93-94
=504  \\$aIncludes bibliographical references and index.
=505  0\$gT. 1. Johann Stamitz, Familie, Leben und Umwelt -- T. 2. Die Werke.
=600  \0$aStamitz, Johann$d1717-1757$1http://www.wikidata.org/entity/Q156033$96346
=648  \0$a18th Century (1701-1800)$1http://www.wikidata.org/entity/Q7015$920899
=650  \0$aComposer$1http://www.wikidata.org/entity/Q36834$93625
=650  \0$aBiography$1http://www.wikidata.org/entity/Q36279$91927
=650  \0$aSymphony$1http://www.wikidata.org/entity/Q9734$92527
=651  \0$aMannheim (Germany)$1http://www.wikidata.org/entity/Q2119$9218
=942  \\$cBOO
=952  \\$00$10$2ddc$3vol. 1$40$6BIO_STAM1_D$70$8BIO$97740$aORPH$bORPH$cKTS1_P$d2020-07-08$eKoopman$i32G15-1$l0$oBIO STAM1 d$p20122813$r2021-01-12 00:00:00$w2021-01-12$yBOO$OKoopman
=952  \\$00$10$2ddc$3vol. 2$40$6BIO_STAM1_D$70$8BIO$97741$aORPH$bORPH$cKTS1_P$d2020-07-08$eKoopman$i32G15-2$l0$oBIO STAM1 d$p20122812$r2021-01-12 00:00:00$w2021-01-12$yBOO$OKoopman
=999  \\$d7742

