=LDR  00948aam a2200229   4500
=001  7745
=005  20251027152103.0
=008  251027s1979\\\\|||ao|||\||||\00|\0\eng\d
=041  \\$aeng
=100  \\$aGraebe, Eiler$911234$4aut
=245  \\$aLund Cathedral:$bA Guide for Visitors
=260  \\$c1979$aLund$bBerlings
=300  \\$a64 pages
=500  \\$aHistorical overview from the 11th century to the present time. 
=650  \0$aHistory$1http://www.wikidata.org/entity/Q309$921403
=650  \0$aCatholicism$1http://www.wikidata.org/entity/Q1841$921631
=650  \0$aChurch$1http://www.wikidata.org/entity/Q16970$93776
=650  \0$aArchitecture$1http://www.wikidata.org/entity/Q12271$93185
=651  \0$aLund (Sweden)$1http://www.wikidata.org/entity/Q2167$925785
=942  \\$cBOO
=952  \\$00$10$2ddc$40$6TOP_SE_LUN$70$8TOP$97743$aORPH$bORPH$cKTS0$d2020-07-08$eKoopman$l0$oTOP SE.LUN$p20126766$r2021-01-12 00:00:00$w2021-01-12$yBOO$OKoopman
=999  \\$d7745

