=LDR  01659cam a2200313 a 4500
=001  7747
=005  20250603145925.0
=008  991026s1999\\\\fr\g\\\\\bc\\\001\0\fre\\
=020  \\$a2717720642
=040  \\$aOI
=041  \\$afre
=110  2\$aBibliothèque nationale de France.$bDépartement de la musique.
=245  10$aCatalogue des manuscrits musicaux antérieurs à 1800$bconservés au Département de la musique$pA et B
=260  \\$aParis$bBibliothèque nationale de France$c1999
=300  \\$axvii-529 pages$bmusic incipits$c30 cm.
=500  \\$aCe catalogue prend en compte les manuscrits du fonds ancien du département de la Musique - qui comprend le fonds ancien dus Conservatoire - [...].
Il ne contient pas l'ensemble des manuscrits musicaux de la Bibliothèque nationale de France.

=504  \\$aIncludes bibliographical references and indexes.
=505  1\$aA et B: contains works by composers whose names start with A and B
=610  20$aBibliothèque nationale de France.$bDépartement de la musique$vCatalogs.
=648  \0$a18th Century (1701-1800)$1http://www.wikidata.org/entity/Q7015$920899
=650  \0$aMusic$vManuscripts$zFrance$vThematic catalogs.
=650  \0$aManuscript$1http://www.wikidata.org/entity/Q87167$92275
=650  \0$aLibrary$1http://www.wikidata.org/entity/Q7075$94229
=651  \0$aFrance$1http://www.wikidata.org/entity/Q142$9131
=700  1\$aGrand, Cécile.$4edt
=700  1\$aMassip, Catherine.$4edt
=942  \\$cBOO
=952  \\$00$10$2ddc$40$6BIB_4_000000000000000_FR_PAR$70$8BIB$97745$aORPH$bORPH$cKTS0$d2020-07-08$eKoopman$i30C02$l0$oBIB4 FR.PAR$p20121244$r2021-01-12 00:00:00$yBOO$OKoopman
=999  \\$d7747

