=LDR  01177pam a2200253 a 4500
=001  7748
=005  20250120120024.0
=008  980724s1998\\\\nyua\\\\\b\\\\001\0aeng\\
=020  \\$a0945193963
=040  \\$aOI
=100  \\$aGrano, John Baptist$dc. 1692-c. 1748$1http://www.wikidata.org/entity/Q6220580$911236
=245  10$aHandel's trumpeter :$bthe diary of John Grano /$cedited by John Ginger ; with a foreword by Crispian Steele-Perkins.
=260  \\$aStuyvesant, N.Y. :$bPendragon Press,$cc1998.
=300  \\$axvi, 377 p. :$bill. ;$c27 cm.
=490  \\$aBucina ;
=504  \\$aIncludes bibliographical references (p. 353-360) and index.
=600  \0$aGrano, John Baptist$dc. 1692-c. 1748$1http://www.wikidata.org/entity/Q6220580$911236
=650  \0$aDiary$1http://www.wikidata.org/entity/Q185598$921711
=650  \0$aDiary$1http://www.wikidata.org/entity/Q185598$921711
=651  \0$aUnited Kingdom$1http://www.wikidata.org/entity/Q21$9273
=700  \\$aGinger, John$d-1933$911238
=942  \\$cBOO
=952  \\$00$10$2ddc$40$6BIO_GRAN_A$70$8BIO$97746$aORPH$bORPH$cKTS1_P$d2020-07-08$eKoopman$i22E35$oBIO GRAN a$p20128870$r2021-01-12 00:00:00$w2021-01-12$yBOO
=999  \\$c7748$d7748

