=LDR  01384    a2200229   4500
=001  7749
=008  211011s1861\\\\||||||||\||||\00|\ideng\d
=020  \\$a9781406753448
=041  \\$aeng
=100  \\$aDelany, Mary$d1700-1788$4crp$1http://www.wikidata.org/entity/Q510352$911239
=245  \\$aAutobiography and Correspondence of Mary Granville, Mrs. Delany:$bwith Interesting Reminiscences of King George the Third and Queen Charlotte
=260  \\$aLondon$bKessinger Publishing's Legacy Reprints$c1861
=300  \\$a3 vols.
=648  \0$a18th Century (1701-1800)$1http://www.wikidata.org/entity/Q7015$920899
=650  \0$aCorrespondence$1http://www.wikidata.org/entity/Q1784733$921392
=651  \0$aUnited Kingdom$1http://www.wikidata.org/entity/Q21$9273
=700  \\$4edt$aBentley, Richard$d1662-1742$1http://www.wikidata.org/entity/Q712899$99890
=942  \\$cBOO
=952  \\$00$10$2ddc$3vol. I$40$6BIO_GRAN_A$70$8BIO$97747$aORPH$bORPH$cKTS1_P$d2020-07-08$eKoopman$i38F10-1$oBIO GRAN a$p20122323$r2021-01-12 00:00:00$w2021-01-12$yBOO
=952  \\$00$10$2ddc$3vol. II$40$6BIO_GRAN_A$70$8BIO$97748$aORPH$bORPH$cKTS1_P$d2020-07-08$eKoopman$i38F10-2$oBIO GRAN a$p20122322$r2021-01-12 00:00:00$w2021-01-12$yBOO
=952  \\$00$10$2ddc$3vol. III$40$6BIO_GRAN_A$70$8BIO$97749$aORPH$bORPH$cKTS1_P$d2020-07-08$eKoopman$i38F10-3$oBIO GRAN a$p20122321$r2021-01-12 00:00:00$w2021-01-12$yBOO
=999  \\$d7749

