=LDR  05686    a2200613   4500
=001  7752
=005  20250925143257.0
=008  210330b\\\\\\\\\\\|||||\||||\01|\0\ger\d
=020  \\$a3795201780
=041  \\$ager$aeng$afre
=100  \\$aGrasberger, Franz$d1915-1981$4dte$911240
=245  \\$aBeiträge zur Musikdokumentation.$bFranz Grasberger zum 60. Geburtstag
=260  \\$aTutzing$bSchneider$c1975
=300  \\$a536 pages
=505  \\$gAutographs of Viennese Composers in the U.S.A. / O. E. Albrecht -- Die musikalischen Werke Kaiser Leopolds I: Ein systematisch-thematisches Verzeichnis der erhaltenen Kompositionen / G. Brosche -- Auf den Spuren der Autographen von Felix Mendelssohn Bartholdy / R. Elvers -- Niederländische Musikalien in Holland: Wege und Umwege / C. von Gleich -- Zur Entstehung meiner Sammlung musikalischer Erst- und Frühdrucke / A. von Hoboken -- Musikalischer Denkmalschutz / H. Horcicka -- The Royal Music Library in the British Museum / A. Hyatt King -- Die Hugo Wolf-Autographen in der Musiksammlung der Österreichischen Nationalbibliothek / H. Jancik -- Die Dittersdorf-Handschriften in der Széchényi National-bibliothek Budapest / I. Kecskeméti -- 150 Jahre Musikabteilung der Deutschen Staatsbibliothek / K. H. Köhler -- Ebauche d'un Repertoire des Editeurs de Musique dans les Provinces Françaises / F. Lesure -- Die handschriftlichen Nachlässe in der Musiksammlung der Bayerischen Staatsbibliothek / R. Münster -- Die Kompositionen und Skizzen von Hans Rott in der Musiksammlung der Österreichischen Nationalbibliothek / L. Nowak -- Die Briefe von Richard Strauss in der Stadtbibliothek München / A. Ott -- Musikerbriefe in der Musikabteilung des Nationalmuseums in Prag / M. Postolka -- Siegfried Wilhelm Dehns Besuche in Wien 1841 bis 1846 / F. W. Riedel -- Haydns Oper La fedelta premiata: Eine neue authentische Quelle / H. C. Robbins Landon -- Zur Genese der emphatischen None / E. Schenk -- Die Wichtigkeit der Wasserzeichen für die Datierung von Beethoven-Briefen / J. Schmidt-Görg -- Österreichische Kleinmeister der Musik / A. Weinmann -- Der Indice der Firma Franzini in Rom: Versuch einer Rekonstruktion / O. Wessely -- Bemerkungen zur Erstveröffentlichung einer bisher ungedruckten Komposition aus Franz Schuberts Studienzeit / F. G. Zeileis -- Katalog des Archivs für Photogramme musikalischer Meisterhandschriften / A. Ziffer
=600  \0$aLeopold I$cHoly Roman Emperor$d1640-1705$1http://www.wikidata.org/entity/Q150494$922858
=600  \0$aDittersdorf, Karl Ditters von$d1739-1799$1http://www.wikidata.org/entity/Q78522$97659
=600  \0$aHaydn, Joseph$d1732-1809$1http://www.wikidata.org/entity/Q7349$94783
=600  \0$aBeethoven, Ludwig van$d1770-1827$1http://www.wikidata.org/entity/Q255$95335
=600  \0$aSchubert, Franz$d1797-1828$1http://www.wikidata.org/entity/Q7312$96183
=600  \0$aMendelssohn-Bartholdy, Felix$d1809-1847$1http://www.wikidata.org/entity/Q46096$94998
=600  \0$aStrauss, Richard$d1864-1949$1http://www.wikidata.org/entity/Q13894$914264
=600  10$aHoboken, Anthony van$d1887-1983$1http://www.wikidata.org/entity/Q435764$926073
=600  10$aWolf, Hugo$d1860-1903$1http://www.wikidata.org/entity/Q215747$926648
=610  \0$aÖsterreichische Nationalbibliothek (Vienna, Austria)$1http://www.wikidata.org/entity/Q304037$91356
=610  \0$aBritish Library (London, United Kingdom)$1http://www.wikidata.org/entity/Q23308$91593
=610  20$aBritish Museum (London, United Kingdom)$1http://www.wikidata.org/entity/Q6373$91796
=610  \0$aOrszágos Széchényi Könyvtár (Budapest, Hungary)$1http://www.wikidata.org/entity/Q1063819$926649
=610  \0$aStaatsbibliothek zu Berlin (Germany)$1http://www.wikidata.org/entity/Q170109$91572
=610  \0$aBayerische Staatsbibliothek (Munich, Germany)$1http://www.wikidata.org/entity/Q256507$91333
=610  \0$aMünchner Stadtbibliothek (Munich, Germany)$1http://www.wikidata.org/entity/Q1518519$926650
=610  \0$aNárodní muzeum (Prague, Czech Republic)$1http://www.wikidata.org/entity/Q188112$926651
=648  \0$a17th Century (1601-1700)$1http://www.wikidata.org/entity/Q7016$920923
=648  \0$a18th Century (1701-1800)$1http://www.wikidata.org/entity/Q7015$920899
=648  \0$a19th Century (1801-1900)$1http://www.wikidata.org/entity/Q6955$920935
=648  \0$a20th Century (1901-2000)$1http://www.wikidata.org/entity/Q6927$920936
=650  \0$aBibliography$1http://www.wikidata.org/entity/Q134995$93965
=650  \0$aLibrary$1http://www.wikidata.org/entity/Q7075$94229
=650  \0$aCollecting$1http://www.wikidata.org/entity/Q208165$92117
=650  \0$aNobility$1http://www.wikidata.org/entity/Q134737$93602
=650  \0$aConservation and restoration$1http://www.wikidata.org/entity/Q217102$922845
=650  \0$aManuscript$1http://www.wikidata.org/entity/Q87167$92275
=650  \0$aPublishing$1http://www.wikidata.org/entity/Q3972943$93049
=650  \0$aCorrespondence$1http://www.wikidata.org/entity/Q1784733$921392
=650  \0$aOpera$1http://www.wikidata.org/entity/Q1344 $92468
=651  \0$aVienna (Austria)$1http://www.wikidata.org/entity/Q1741$920937
=651  \0$aUSA$1http://www.wikidata.org/entity/Q30$943
=651  \0$aNetherlands$1http://www.wikidata.org/entity/Q55$9173
=651  \0$aBerlin (Germany)$1http://www.wikidata.org/entity/Q64$948
=651  \0$aFrance$1http://www.wikidata.org/entity/Q142$9131
=700  \\$4edt$aBrosche, Günter$914680
=942  \\$cBOO
=952  \\$00$10$2ddc$40$6REF_4_000000000000000_GRAS$70$8REF$97750$aORPH$bORPH$cKM12_1$d2020-07-08$eKoopman$i41D23$l0$oREF4 GRAS$p20120148$r2021-01-12 00:00:00$w2021-01-12$yBOO
=999  \\$d7752

