=LDR  01064aam a2200181   4500
=001  7753
=008  230419s1977\\\\||||||||\||||\00|\0\ger\d
=041  \\$ager
=100  \\$aGrasberger, Franz$d1915-1981$911240$4aut
=245  \\$aDas Hoboken-Archiv – der Musiksammlung der Österreichischen Nationalbibliothek:$bEine Ausstellung zum 90. Geburtstag von Anthony von Hoboken
=260  \\$aVienna$bMusiksammlung der Österreichischen Nationalbibliothek, Institut für Österreichische Musikdokumentation$c1977
=610  \0$1http://www.wikidata.org/entity/Q304037$aÖsterreichische Nationalbibliothek (Vienna, Austria)$91356
=650  \0$aLibrary$1http://www.wikidata.org/entity/Q7075$94229
=651  \0$1http://www.wikidata.org/entity/Q1741$aVienna (Austria)$920937
=700  1\$1http://www.wikidata.org/entity/Q435764$4col$aHoboken, Anthony van$d1887-1983$926073
=942  \\$cBOO
=952  \\$00$10$2ddc$40$6BIB_4_000000000000000_AT_VIE$70$8BIB$97751$aORPH$bORPH$cKTS0$d2020-07-08$eKoopman$i42E12$l0$oBIB4 AT.VIE$p20122039$r2021-01-12 00:00:00$w2021-01-12$yBOO$OKoopman
=999  \\$d7753

