=LDR  01115cam a22002051  4500
=001  7755
=005  20250121142122.0
=008  790223s1740\\\\enkf\\\\\d\\\\000\0\eng\\
=041  1\$aeng
=100  \\$aGrassineau, James$dc. 1715-1769$4aut$1http://www.wikidata.org/entity/Q72937179$95522
=245  12$aExcerpts from: A Musical Dictionary
=260  \\$aLondon$bJ. Wilcox$c1740
=300  \\$a40 pages
=500  \\$aFrom a copy in the collection of Early Music Facsimiles
=590  \\$aA Musical Dictionary, being a collection of terms and characters, as well ancient as modern; including the historical, theoretical, and practical parts of music ... The whole carefully abstracted from the best authors in the Greek, Latin, Italian, French, and English languages.
=648  \0$a18th Century (1701-1800)$1http://www.wikidata.org/entity/Q7015$920899
=942  \\$cBOO
=952  \\$00$10$2ddc$40$6TRE_GRAS$70$8TRE$97753$aORPH$bORPH$cKTS1_H$d2020-07-08$eKoopman$i20B13$l0$oTRE GRAS$p20127997$r2021-01-12 00:00:00$w2021-01-12$yBOO$zPrinted version
=999  \\$c7755$d7755
=650  \0$aDictionary$1http://www.wikidata.org/entity/Q23622$921580

