=LDR  00777aam a2200169   4500
=001  7756
=008  250626s1943\\\\||||||||\||||\00|\0\dut\d
=041  \\$adut
=100  \\$aGratama, K.$911243$4aut
=245  \\$aOude Nederlandsche Bouwkunst in het bezit van de Vereeniging Hendrick de Keyser
=260  \\$aAmsterdam$bBussy$c1943
=610  \0$aVereniging Hendrick de Keyser (Amsterdam, Netherlands)$1http://www.wikidata.org/entity/Q2197465$91470
=650  \0$aArchitecture$1http://www.wikidata.org/entity/Q12271$93185
=651  \0$aAmsterdam (Netherlands)$1http://www.wikidata.org/entity/Q727$9135
=942  \\$cBOO
=952  \\$00$10$2ddc$40$6TOP_NL_AMS$70$97754$aORPH$bORPH$cLOC_UNK$d2020-07-08$eKoopman$i40E16$l0$oTOP NL.AMS$p20120256$r2021-01-12 00:00:00$w2021-01-12$yBOO$OKoopman
=999  \\$d7756

