=LDR  01137aam a2200229   4500
=001  7761
=008  230508s1929\\\\||||||||\||||\00|\0bger\d
=041  \\$ager
=100  \\$aGraupner, F.$911248$4aut
=245  \\$aDas Werk des Thomaskantors Johann Schelle (1648-1701)
=260  \\$aBerlin$bKallmener$c1929
=600  \0$1http://www.wikidata.org/entity/Q449311$aSchelle, Johann$d1648-1701$921297
=610  \0$1http://www.wikidata.org/entity/Q170402$aThomaskirche (Leipzig, Germany)$922279
=610  \0$1http://www.wikidata.org/entity/Q699668$aThomasschule (Leipzig, Germany)$91465
=648  \0$1http://www.wikidata.org/entity/Q7016$a17th Century (1601-1700)$920923
=650  \0$1http://www.wikidata.org/entity/Q330679$aCantor$923204
=650  \0$1http://www.wikidata.org/entity/Q36834$aComposer$93625
=650  \0$1http://www.wikidata.org/entity/Q36279$aBiography$91927
=651  \0$1http://www.wikidata.org/entity/Q2079$aLeipzig (Germany)$945
=942  \\$cBOO
=952  \\$00$10$2ddc$40$6BIO_SCHE4_D$70$8BIO$97759$aORPH$bORPH$cKTS1_P$d2020-07-08$eKoopman$i21C32$l0$oBIO SCHE4 d$p20128207$r2021-01-12 00:00:00$w2021-01-12$yBOO$OKoopman
=999  \\$d7761

