=LDR  00985pam a2200217 a 4500
=001  7762
=005  20250120120025.0
=008  870309t19881987nbug\\\\\b\\\s001\0\eng\\
=020  \\$a0803221282 (alk. paper)
=040  \\$aOI
=100  \\$aGrave, Floyd K.$d-1945$911249
=245  10$aIn praise of harmony :$bthe teachings of Abbé Georg Joseph Vogler /$cFloyd K. Grave and Margaret G. Grave.
=260  \\$aLincoln :$bUniversity of Nebraska Press,$c[1988], c1987.
=300  \\$aviii, 338 p. :$bmusic ;$c24 cm.
=504  \\$aBibliography: p. [311]-330.
=600  \0$aVogler, Georg Joseph$d1749-1814$1http://www.wikidata.org/entity/Q708557$911250
=700  \\$aGrave, Margaret G.$d-1943$911251
=856  \\$uhttp://www.loc.gov/catdir/enhancements/fy0730/87005926-d.html$3Publisher description
=942  \\$cBOO
=952  \\$00$10$2ddc$40$6BIO_VOGL2_E$70$8BIO$97760$aORPH$bORPH$cKTS1_P$d2020-07-08$eKoopman$i35E16$oBIO VOGL2 e$p20122496$r2021-01-12 00:00:00$w2021-01-12$yBOO$OKoopman
=999  \\$c7762$d7762

