=LDR  01165cam a2200277 a 4500
=001  7765
=005  20250120120156.0
=008  860204s19841970gw\a\\\\\b\\\\001\0bger\\
=020  \\$a3499501708 :$cDM8.80
=040  \\$aOI
=041  \\$ager
=100  \\$aGrebe, Karl$4aut$911256
=245  10$aGeorg Philipp Telemann in Selbstzeugnissen und Bilddokumenten
=260  \\$aReinbek$bRowohlt$c1970
=300  \\$a157 pages$bill. ;$c19 cm.
=490  0\$aRowohlts Monographien$v170
=504  \\$a"Verzeichnis der in unserer Zeit veröffentlichten und im Musikhandel erhältlichen Werke Telemanns": p. 124-138.
=504  \\$aBibliography: p. 153-155.
=590  \\$adargestellt von Karl Grebe
=600  \0$aTelemann, Georg Philipp$d1681-1767$1http://www.wikidata.org/entity/Q75854$99287
=650  \0$aComposer$1http://www.wikidata.org/entity/Q36834$93625
=650  \0$aBiography$1http://www.wikidata.org/entity/Q36279$91927
=651  \0$aGermany$1http://www.wikidata.org/entity/Q183$9155
=942  \\$cBOO
=952  \\$00$10$2ddc$40$6BIO_TELE_D$70$8BIO$97763$aORPH$bORPH$cKTS1_P$d2020-07-08$eKoopman$i32G17$oBIO TELE d$p20122808$r2021-01-12 00:00:00$w2021-01-12$yBOO
=999  \\$d7765

