=LDR  05743aam a2201021   4500
=001  7767
=008  231205s1878\\\\|||g||||\||||\00|\pdfre\d
=041  \\$afre
=100  \\$aGregoir, Edouard G. J.$d1822-1890$1http://www.wikidata.org/entity/Q3719715$4aut$915702
=245  \\$aBibliothèque musicale populaire$nvol. 2
=260  \\$aBrussels$aAntwerp$aParis$aLondon$aMainz$bSchott$c1878
=300  \\$a148-48-vi pages$bmusic
=504  \\$aIncludes an index
=561  \\$aHandwritten dedication from the author to P. Génard, whose exlibris is stamped on the title-page
=590  \\$aContenu: Première Partie. Poésies relatives aux artistes musiciens. La Biographie universelle des musiciens par François Fétis, continuée par M. Arthur Pougin. Omissions d'ouvrages historiques, méthodiques, symphonies, opéras, etc. Deuxième Partie. Le carillon dans l'ancien temps en Belgique et en Hollande, avec biographies de fondeurs de cloches. Les différents carillons de la Belgique. Pièces de carillon des XVIIe et XVIIIe siècles, première collection de morceaux gravés pour cet instrument.
=648  \0$a18th Century (1701-1800)$1http://www.wikidata.org/entity/Q7015$920899
=648  \0$a19th Century (1801-1900)$1http://www.wikidata.org/entity/Q6955$920935
=650  \0$aComposer$1http://www.wikidata.org/entity/Q36834$93625
=650  \0$aPoetry$1http://www.wikidata.org/entity/Q482$93026
=650  \0$aBibliography$1http://www.wikidata.org/entity/Q134995$93965
=650  \0$aMusic history$1http://www.wikidata.org/entity/Q846047$921373
=650  \0$aCarillon$1http://www.wikidata.org/entity/Q505174$94152
=651  \0$aBelgium$1http://www.wikidata.org/entity/Q31$920881
=653  \0$aad lib. bezetting$372, 110, 119$020125257$w16D31$928471
=653  \0$aaltviool$375$020125257$w16D31$928631
=653  \0$aAmbros, A.$381, 82$020125257$w16D31$928647
=653  \0$aAnerio, F.$3107$020125257$w16D31$928694
=653  \0$abezetting (instr.)$364$020125257$w16D31$929525
=653  \0$abezetting (voc.)$325, 34, 40, 43, 64, 97$020125257$w16D31$929527
=653  \0$aboekprijs$3tp, 85, 97, 129, 132$020125257$w16D31$929701
=653  \0$aBeethoven$311-14, 18$020125257$w16D31$929355
=653  \0$abeiaard$369, 119, 1-48$020125257$w16D31$929377
=653  \0$aBosch, P. J. v.d.$3102$020125257$w16D31$929806
=653  \0$aBerlioz$316, 17, 18$020125257$w16D31$929447
=653  \0$aBree, J.B. v.$391$020125257$w16D31$929920
=653  \0$acello$332$020125257$w16D31$930344
=653  \0$aCimarosa$398$020125257$w16D31$930481
=653  \0$aClemens non Papa$361, 62$020125257$w16D31$930541
=653  \0$aColizzi, J.A.$386$020125257$w16D31$930590
=653  \0$acomponiste$374, 89$020125257$w16D31$930632
=653  \0$acontrabas$387$020125257$w16D31$930692
=653  \0$aCorelli, A.$382, 83, 84$020125257$w16D31$930736
=653  \0$aCouperin (F.)$373$020125257$w16D31$930788
=653  \0$aorgel in middeleeuwen$34$020125257$w16D31$935482
=653  \0$aoud-nieuw$317, 18$020125257$w16D31$935651
=653  \0$aoude muziek vroeger$350, 51, 84, 85, 118$020125257$w16D31$935658
=653  \0$aPaisiello$341$020125257$w16D31$935717
=653  \0$adynamiek$3107$020125257$w16D31$931346
=653  \0$aEitner, R.$385$020125257$w16D31$931416
=653  \0$aemoties$319, 20$020125257$w16D31$931445
=653  \0$aEyck, J. van $381$020125257$w16D31$931574
=653  \0$aprima vista$395, 142$020125257$w16D31$936203
=653  \0$aFel, Madame$336$020125257$w16D31$931647
=653  \0$aFesch, W. de$3100$020125257$w16D31$931690
=653  \0$aFétis$33, 4, 67, 82, 86$020125257$w16D31$931694
=653  \0$aFiocco, J.J.$3108, 109$020125257$w16D31$931719
=653  \0$aForceville, J. B.$3142$020125257$w16D31$931818
=653  \0$aFramery, N.$3140$020125257$w16D31$931850
=653  \0$aSweelinck$385$020125257$w16D31$936690
=653  \0$atemperatuur$378, 105, 140$020125257$w16D31$936807
=653  \0$aGherardi$399$020125257$w16D31$932175
=653  \0$aGheyn, fam. v.d.$317, 22$020125257$w16D31$932176
=653  \0$aGluck$314, 15, 16, 43, 98$020125257$w16D31$932235
=653  \0$aGregoriaans$364, 87, 90$020125257$w16D31$932369
=653  \0$aGrétry$35-11, 33, 98, 100$020125257$w16D31$932387
=653  \0$atrillers etc.$363$020125257$w16D31$937146
=653  \0$aHacquart, C.$381$020125257$w16D31$932500
=653  \0$atrombone$358, 59$020125257$w16D31$937186
=653  \0$aharp$378, 119, 140, 143$020125257$w16D31$932582
=653  \0$aHaydn, J.$317, 140$020125257$w16D31$932639
=653  \0$aHeurn, J. van$3129$020125257$w16D31$932759
=653  \0$aHurlebusch$386$020125257$w16D31$933017
=653  \0$awonderkind$334, 95$020125257$w16D31$938047
=653  \0$azangeres$318, 19, 20, 22, 23, 25, 26, 27, 29, 31, 36, 37, 38, 39, 40, 41, 42, 43, 44, 45$020125257$w16D31$938089
=653  \0$aRameau, J.Ph.$330, 98$020125257$w16D31$938230
=653  \0$aRousseau, J.J.$333, 72, 97$020125257$w16D31$938595
=653  \0$asalaris$39$020125257$w16D31$938697
=653  \0$aSalieri $351$020125257$w16D31$938702
=653  \0$aLustig, W.$3101$020125257$w16D31$934292
=653  \0$aMatthysz, P.$379, 81$020125257$w16D31$934544
=653  \0$aMessaus, G.$3110, 111$020125257$w16D31$934703
=653  \0$ametronoom$3126, 127$020125257$w16D31$934713
=653  \0$aMozart, W.A.$318, 50, 96$020125257$w16D31$934927
=653  \\$aBecker, T.$385$020125257$w16D31$929322
=700  \\$aPougin, Arthur$d1834-1921$1http://www.wikidata.org/entity/Q2865302$4ctb$917167
=942  \\$cBOO
=952  \\$00$10$2ddc$40$6KTS_1_000000000000000_C1_21_16D31$70$8RAR$97765$aORPH$bORPH$cKTS1_C1$d2020-07-08$eKoopman$l0$oKTS1 C1.21 16D31$p20125257$r2021-01-12 00:00:00$w2021-01-12$yBOO$OKoopman
=999  \\$d7767

