=LDR  00714aam a2200169   4500
=001  7770
=008  250821s1986\\\\||||||||\||||\00|\0\ita\d
=041  \\$aita
=100  \\$aGregori, Mina$914593$4aut
=245  \\$aPittura del Cinquecento a Brescia
=260  \\$aMilan$bCariplo$c1986
=648  \0$a16th Century (1501-1600)$1http://www.wikidata.org/entity/Q7017$920944
=650  \0$aFine art$1http://www.wikidata.org/entity/Q219625$921579
=651  \0$aBrescia (Italy)$1http://www.wikidata.org/entity/Q6221$922286
=942  \\$cBOO
=952  \\$00$10$2ddc$40$6TOP_IT_BRE_4_000000000000000$70$8TOP$97768$aORPH$bORPH$cKTS0$d2020-07-08$eKoopman$i18F15$l0$oTOP IT.BRE 4$p20127790$r2021-01-12 00:00:00$w2021-01-12$yBOO$OKoopman
=999  \\$d7770

