=LDR  00359    a2200109   4500
=001  7771
=100  \\$aGreshof, J.$911263
=245  \\$aArthur van Schendel
=260  \\$c1934
=942  \\$cBOO
=952  \\$00$10$2ddc$40$6BIO_SCHE5_E$70$8BIO$97769$aORPH$bORPH$cKTS1_P$d2020-07-08$eKoopman$i40G19$l0$oBIO SCHE5 e$p20122246$r2021-01-12 00:00:00$w2021-01-12$yBOO$OKoopman
=999  \\$c7771$d7771

