=LDR  01680cam a2200313 a 4500
=001  7774
=008  920918s1991\\\\gw\afob\\b\\\\001\0dger\\
=040  \\$aOI
=041  \\$ager
=100  \\$aGreve, Werner$4aut$911266
=245  10$aBraunschweiger Stadtmusikanten:$bGeschichte eines Berufsstandes, 1227-1828
=260  \\$aBrunswick$bStadtarchiv und Stadtbibliothek Braunschweig$c1991
=300  \\$axiv-314 pages
=490  1\$aBraunschweiger Werkstücke / Reihe A, Veröffentlichungen aus dem Stadtarchiv und der Stadtbibliothek$v80/31
=504  \\$aIncludes bibliographical references (p. 281-304) and index.
=648  \0$aMiddle Ages (500-1400)$1http://www.wikidata.org/entity/Q12554$920964
=648  \0$aRenaissance (1400-1600)$1http://www.wikidata.org/entity/Q4692$920965
=648  \0$a17th Century (1601-1700)$1http://www.wikidata.org/entity/Q7016$920923
=648  \0$a18th Century (1701-1800)$1http://www.wikidata.org/entity/Q7015$920899
=648  \0$a19th Century (1801-1900)$1http://www.wikidata.org/entity/Q6955$920935
=650  \0$aStadtpfeifer$1http://www.wikidata.org/entity/Q1412422$924631
=650  \0$aInstrumentalist$1http://www.wikidata.org/entity/Q1278335$921706
=650  \0$aProfessional$1http://www.wikidata.org/entity/Q702269$923223
=650  \0$aMusician$1http://www.wikidata.org/entity/Q639669$93574
=650  \0$aMusic history$1http://www.wikidata.org/entity/Q846047$921373
=651  \0$aBrunswick (Germany)$1http://www.wikidata.org/entity/Q2773$950
=942  \\$cBOO
=952  \\$00$10$2ddc$40$6TOP_DE_BRA1$70$8TOP$97772$aORPH$bORPH$cKTS0$d2020-07-08$eKoopman$i19F18$l0$oTOP DE.BRA1$p20125254$r2021-01-12 00:00:00$w2021-01-12$yBOO$OKoopman
=999  \\$d7774

