=LDR  00952    a2200253   4500
=001  7776
=003  OSt
=005  20250603154430.0
=008  210604s1996\\\\\\\|||||\||||\00|\0\fre\d
=020  \\$a9782840500636
=040  \\$cOI
=041  \\$afre$ager$aeng$aita
=100  \\$aMongrédien, Jean$4dte$99139
=245  \\$aD'un opéra l'autre :$bhommage à Jean Mongrédien
=260  \\$aParis$bUniversité Paris-Sorbonne$c1996
=300  \\$a441 pages
=590  \\$aTextes réunies par Jean Gribenski, Marie-Claire Mussat et Herbert Schneider.
=650  \0$aOpera$1http://www.wikidata.org/entity/Q1344$92468
=700  \\$4edt$aGribenski, Jean$911267
=700  \\$4edt$aMussat, Marie-Claire$921648
=700  \\$4edt$aSchneider, Herbert$d1941-$911212
=942  \\$cBOO
=952  \\$00$10$2ddc$40$6GEN_16_000000000000000$70$8GEN$97774$aORPH$bORPH$cKM12_1$d2020-07-08$eKoopman$i19D15$l1$oGEN16$p20127858$r2022-05-19 00:00:00$s2022-05-19$w2021-01-12$yBOO
=999  \\$d7776

