=LDR  00412    a2200121   4500
=001  7777
=020  \\$a9789061534419
=100  \\$aGrieken, J. van$911268
=245  \\$aHieronymus Cock: De renaissance in prent
=260  \\$c2013
=942  \\$cBOO
=952  \\$00$10$2ddc$40$6BIO_COCK_A$70$8BIO$97775$aORPH$bORPH$cKTS1_P$d2020-07-08$eKoopman$i47G22$l0$oBIO COCK a$p20121527$r2021-01-12 00:00:00$w2021-01-12$yBOO$OKoopman
=999  \\$c7777$d7777

