=LDR  00825aam a2200181   4500
=001  7778
=008  230629s1956\\\\||||||||\||||\00|\0ager\d
=041  \\$ager
=100  1\$aFabrice, Friedrich Ernst von$d1683-1750$1http://www.wikidata.org/entity/Q1459016$4aut$926362
=245  \\$aDie Memoiren des Kammerherrn Friedrich Ernst von Fabrice (1683-1750) 
=260  \\$c1956$bLax
=300  \\$ax-176 pages
=500  \\$aFriedrich Ernst von Fabrice (1683-1750) was a German diplomat.
=650  \0$1http://www.wikidata.org/entity/Q36279$aBiography$91927
=700  1\$1http://www.wikidata.org/entity/Q94534001$4edt$aGrieser, Rudolf$d1899-1985$911269
=942  \\$cBOO
=952  \\$00$10$2ddc$40$6BIO_FABR_A$70$8BIO$97776$aORPH$bORPH$cKTS1_P$d2020-07-08$eKoopman$i44B32$oBIO FABR a$p20126681$r2021-01-12 00:00:00$w2021-01-12$yBOO$OKoopman
=999  \\$d7778

