=LDR  00983cam a2200241 a 4500
=001  7779
=005  20250121142122.0
=008  970211s1996\\\\it\a\\\\\b\\\\000\0\ita\\
=020  \\$a884153513X
=040  \\$aOI
=041  \\$aita
=100  \\$aGriffo, Alessandra$4aut$911270
=245  13$aIl presepe napoletano:$bpersonaggi e ambienti
=260  \\$aNovara$bIstituto geografico De Agostini$c1996
=300  \\$a143 p. :$bcol. ill. ;$c29 cm.
=504  \\$aIncludes bibliographical references (p. 140-142).
=648  \0$a18th Century (1701-1800)$1http://www.wikidata.org/entity/Q7015$920899
=650  \0$aApplied arts$1http://www.wikidata.org/entity/Q2865882$921627
=650  \0$aChristmas$1http://www.wikidata.org/entity/Q19809$92122
=651  \0$aNaples (Italy)$1http://www.wikidata.org/entity/Q2634$921
=942  \\$cBOO
=952  \\$00$10$2ddc$40$6TOP_IT_NAP$70$8TOP$97777$aORPH$bORPH$cKTS0$d2020-07-08$eKoopman$i29F21$oTOP IT.NAP$p20121261$r2021-01-12 00:00:00$w2021-01-12$yBOO
=999  \\$d7779

