=LDR  01363cam a2200265 a 4500
=001  7780
=005  20250120120223.0
=008  911126s1991\\\\ne\a\\\\\b\\\\001\0\dut\\
=020  \\$a9070389282
=040  \\$aOI
=041  0\$adut$beng
=100  \\$aGrijp, Louis Peter$d1954-2016$4aut$1http://www.wikidata.org/entity/Q1993783$917692
=245  14$aHet Nederlandse lied in de Gouden Eeuw:$bhet mechanisme van de contrafactuur
=260  \\$aAmsterdam$bP.J. Meertens-Instituut voor Dialectologie, Volkskunde en Naamkunde$c1991
=300  \\$a378 p. :$bill. ;$c25 cm.
=490  \\$aPublikaties van het P.J. Meertens-Instituut voor Dialectologie, Volkskunde en Naamkunde van de Koninklijke Nederlandse Akademie van Wetenschappen$v15
=504  \\$aIncludes bibliographical references (p. 345-357) and index.
=648  \0$a17th Century (1601-1700)$1http://www.wikidata.org/entity/Q7016$920923
=650  \0$aSong$1http://www.wikidata.org/entity/Q7366$94164
=650  \0$aMusic history$1http://www.wikidata.org/entity/Q846047$921373
=650  \0$aContrafactum$1http://www.wikidata.org/entity/Q1783270$922210
=651  \0$aNetherlands$1http://www.wikidata.org/entity/Q55$9173
=942  \\$cBOO
=952  \\$00$10$2ddc$40$6TOP_NL_5_000000000000000$70$8TOP$97778$aORPH$bORPH$cKTS0$d2020-07-08$eKoopman$i20B37$l0$oTOP NL 5$p20127967$r2021-01-12 00:00:00$w2021-01-12$yBOO
=999  \\$d7780

