=LDR  00365    a2200109   4500
=001  7782
=100  \\$aGrimm, J.$911273
=245  \\$aDas neu Leipziger Gesangbuch des
=260  \\$c1969
=942  \\$cBOO
=952  \\$00$10$2ddc$40$6BIO_VOPE_E$70$8BIO$97780$aORPH$bORPH$cKTS1_P$d2020-07-08$eKoopman$i25E17$oBIO VOPE e$p20129356$r2021-01-12 00:00:00$w2021-01-12$yBOO$OKoopman
=999  \\$c7782$d7782

