=LDR  00952    a2200217   4500
=001  7785
=008  230413s1979\\\\nl\afd||\||||\00|\0\dut\d
=041  \\$adut
=100  \\$aGritter, Gerben H.$911276$4aut
=245  \\$aChristian Müller. Orgelmaker in Amsterdam
=246  \1$aOrgaanbuilder in Amsterdam
=260  \\$c2014$aEmmen$bUtrecht University
=300  \\$a345 pages
=600  \0$1http://www.wikidata.org/entity/Q82868$aMüller, Christian$d1690-1763$924039
=650  \0$aBarrel organ$1http://www.wikidata.org/entity/Q752638$93504
=650  \0$aOrgan$1http://www.wikidata.org/entity/Q1444$92810
=650  \0$aOrganology$1http://www.wikidata.org/entity/Q899293$921400
=651  \0$1http://www.wikidata.org/entity/Q55$aNetherlands$9173
=942  \\$cBOO
=952  \\$00$10$2ddc$40$6INS_3_000000000000000_1B_MÜLL$70$8INS$97783$aORPH$bORPH$cKTS0$d2020-07-08$eKoopman$i45F20$l0$oINS3.1b MÜLL$p20127504$r2021-01-12 00:00:00$w2021-01-12$yBOO$OKoopman
=999  \\$d7785

