=LDR  00925    a2200193   4500
=001  7788
=008  221017s1970\\\\nl\f||||\||||\00|\0\dut\d
=041  \\$adut
=100  \\$aGroenveld, Simon$4aut$911279
=245  \\$aMuziek bij het Lam.$bOrgan, organisten en orgelmuziek in de doopsgezinde Singelkerk te Amsterdam
=260  \\$c1970$aAmsterdam$bVerenigde Doopsgezinde Gemeente
=300  \\$a99 pages
=610  \0$aSingelkerk (Amsterdam, Netherlands)$1http://www.wikidata.org/entity/Q1766591$925185
=650  \0$aOrgan$1http://www.wikidata.org/entity/Q1444$92810
=650  \0$aOrganology$1http://www.wikidata.org/entity/Q899293$921400
=651  \0$aAmsterdam (Netherlands)$1http://www.wikidata.org/entity/Q727$9135
=942  \\$cBOO
=952  \\$00$10$2ddc$40$6INS_3_000000000000000_1E_NL_AMS$70$8INS$97786$aORPH$bORPH$cKTS0$d2020-07-08$eKoopman$i24A15$l0$oINS3.1e NL.AMS$p20128713$r2021-01-12 00:00:00$w2021-01-12$yBOO$OKoopman
=999  \\$d7788

