=LDR  00890    a2200193   4500
=001  7790
=008  221003s1998\\\\gw\a||||\||||\00|\0\ger\d
=041  \\$ager
=100  \\$aGroenveld, Simon$4aut$911279
=245  \\$aKonzertpraxis und Kirchengesangbegleitung. Die Verwendung der Orgel in der Niederländischen Republik zur Zeit der Friedens von Münster
=260  \\$c1998$aMünster$bRegensberg
=300  \\$a62 pages
=490  \\$aSonderdruck aus Zentrum für Niederlande-Studien$vJahrbuch 9
=650  \0$aOrgan$1http://www.wikidata.org/entity/Q1444$92810
=650  \0$aOrganology$1http://www.wikidata.org/entity/Q899293$921400
=651  \0$aNetherlands$1http://www.wikidata.org/entity/Q55$9173
=942  \\$cBOO
=952  \\$00$10$2ddc$40$6INS_3_000000000000000_1A_NL$70$8INS$97788$aORPH$bORPH$cKTS0$d2020-07-08$eKoopman$i33F34$l0$oINS3.1a NL$p20120884$r2021-01-12 00:00:00$w2021-01-12$yBOO
=999  \\$d7790

