=LDR  01454aam a2200265   4500
=001  7791
=005  20251016142933.0
=008  210628s2000\\\\\\\|||||\||||\00|\0bdut\d
=041  \\$adut
=100  \\$aGroet, Karin$4aut$911284
=245  \\$aHet gewicht van spel:$bruim dertig jaar Harlekijn. Een ooggetuigenverslag
=260  \\$as.l.$bHarlekijn Kloosterhof$c2000
=300  \\$a109 pages
=500  \\$aLimited edition
=500  \\$aThe Harlekijn Holland BV record label was founded on 1 November 1973 (p. 46). One of its first releases was "Mistero buffo" by the Internationale Nieuwe Scene (p. 47). Ton Koopman's first release was an LP containing harpsichord music by Sweelinck, Frescobaldi, Rossi and Scarlatti (p. 48).
=561  \\$aAutograph dedication by Herman van Veen to Ton Koopman
=600  \0$aVeen, Herman van$d1945-$1http://www.wikidata.org/entity/Q503717$921782
=600  \0$aKoopman, Ton$d1944-$1http://www.wikidata.org/entity/Q445121$910491
=648  \0$a20th Century (1901-2000)$1http://www.wikidata.org/entity/Q6927$920936
=650  \0$aMusic history$1http://www.wikidata.org/entity/Q846047$921373
=650  \0$aBiography$1http://www.wikidata.org/entity/Q36279$91927
=651  \0$aNetherlands$1http://www.wikidata.org/entity/Q55$9173
=942  \\$cBOO
=952  \\$00$10$2ddc$40$6BIO_VEEN_E$70$8BIO$97789$aORPH$bORPH$cKTS1_P$d2020-07-08$eKoopman$i28B04$l1$oBIO VEEN e$p20123611$r2024-06-03 00:00:00$s2024-01-31$w2021-01-12$yBOO
=999  \\$d7791

