=LDR  00396    a2200121   4500
=001  7793
=020  \\$a9789053492833
=100  \\$aGroot, J. de$911286
=245  \\$aArent de Gelder (1645-1727)
=260  \\$c1998
=942  \\$cBOO
=952  \\$00$10$2ddc$40$6BIO_GELD_C$70$8BIO$97791$aORPH$bORPH$cKTS1_P$d2020-07-08$eKoopman$i29F14$l0$oBIO GELD c$p20121269$r2021-01-12 00:00:00$w2021-01-12$yBOO$OKoopman
=999  \\$c7793$d7793

