=LDR  00734aam a2200169   4500
=001  7795
=008  250528s2003\\\\||||||||\||||\00|\0\dut\d
=020  \\$a9789056292751
=041  \\$adut
=100  \\$aGroot, Rokus de$4aut$911287
=245  \\$a'Oorspronkelijkheid' in muziek
=260  \\$aAmsterdam$bVossiuspers$bUniversiteit van Amsterdam$c2003
=300  \\$a30 pages
=590  \\$aRede in verkorte vorm uitgesproken bij de aanvaarding van het ambt van hoogleraar Muziekwetenschap aan de Universiteit van Amsterdam op woensdag 10 oktober 2001
=942  \\$cBOO
=952  \\$00$10$2ddc$40$6MTP_2_000000000000000_GROO$70$8MTP$97792$aORPH$bORPH$cKM12_1$d2020-07-08$eKoopman$i43B03$l0$oMTP2 GROO$p20127249$r2021-01-12 00:00:00$w2021-01-12$yBOO
=999  \\$d7795

