=LDR  00673aam a2200157   4500
=001  7796
=008  220630s2003\\\\|||g||||\||||\00|\0bita\d
=020  \\$a9788885099739
=041  \\$ager
=100  \\$aGroote, Inga Mai$4aut$911288
=245  \\$aPietro Torri,$bun musicista veronese alla corte di Baviera
=260  \\$aVerona$bRotary Club di Peschiera e del Garda Veronese$bAccademia Filarmonica di Verona$c2003
=590  \\$aIn appendice: Barbara Broz, I musicisti veneti in Europa ai tempi del Torri
=942  \\$cBOO
=952  \\$00$10$2ddc$40$6BIO_TORR2_E$70$8BIO$97793$aORPH$bORPH$cKTS1_P$d2020-07-08$eKoopman$i35B21$oBIO TORR2 e$p20120757$r2021-01-12 00:00:00$w2021-01-12$yBOO
=999  \\$d7796

