=LDR  00718aam a2200181   4500
=001  7798
=008  230414s1951\\\\||||||||\m|||\00|\0\dut\d
=041  \\$adut
=100  \\$aGrosheide, Daniel$4aut$911290
=245  \\$aCromwell naar het oordeel van zijn Nederlandse tijdgenoten
=260  \\$c1951$aAmsterdam$bNoord-Hollandsche uitgevers maatschappij
=300  \\$a271 pages
=500  \\$aDissertation
=650  \0$aHistory$1http://www.wikidata.org/entity/Q309$921403
=650  \0$aBiography$1http://www.wikidata.org/entity/Q36279$91927
=942  \\$cBOO
=952  \\$00$10$2ddc$40$6BIO_CROM_B$70$8BIO$97795$aORPH$bORPH$cKTS1_P$d2020-07-08$eKoopman$i46E05$oBIO CROM b$p20126968$r2021-01-12 00:00:00$w2021-01-12$yBOO$OKoopman
=999  \\$d7798

