=LDR  01048aam a2200217   4500
=001  7800
=008  231211s1969\\\\||||||||\||||\00|\0\ger\d
=041  \\$ager
=100  \\$aGroßmann-Vendrey, S.$911292$4aut
=245  \\$aFelix Mendelssohn Bartholdy und die Musik der Vergangenheit
=260  \\$aRegensburg$bBosse$c1969
=490  \\$aStudien zur Musikgeschichte des 19. Jahrhunderts$v17
=600  \0$aMendelssohn-Bartholdy, Felix$d1809-1847$1http://www.wikidata.org/entity/Q46096$94998
=648  \0$a19th Century (1801-1900)$1http://www.wikidata.org/entity/Q6955$920935
=650  \0$aComposer$1http://www.wikidata.org/entity/Q36834$93625
=650  \0$aInfluence$1http://www.wikidata.org/entity/Q1307337$922289
=650  \0$aEarly music$1http://www.wikidata.org/entity/Q436016$93160
=651  \0$aLeipzig (Germany)$1http://www.wikidata.org/entity/Q2079$945
=942  \\$cBOO
=952  \\$00$10$2ddc$40$6BIO_MEND_E$70$8BIO$97797$aORPH$bORPH$cKTS1_P$d2020-07-08$eKoopman$i21D10$l0$oBIO MEND e$p20128292$r2021-01-12 00:00:00$w2021-01-12$yBOO$OKoopman
=999  \\$d7800

