=LDR  01377cam a2200289 i 4500
=001  7801
=005  20250121142122.0
=008  800424s1979\\\\caua\\\\\b\\\\001\0\eng\\
=020  \\$a0520036824
=040  \\$aOI
=041  \\$aeng
=100  \\$aGrout, Donald J.$d1902-1987$4aut$1http://www.wikidata.org/entity/Q5294603$917578
=245  10$aAlessandro Scarlatti:$cAn Introduction to his Operas
=260  \\$aBerkeley, CA$bUniversity of California Press$c1979
=300  \\$avii-154 pages$billustrations$c25 cm
=504  \\$aIncludes bibliographical references and index.
=600  \0$aScarlatti, Alessandro$d1660-1725$tOperas.$1http://www.wikidata.org/entity/Q183087$913800
=648  \0$a17th Century (1601-1700)$1http://www.wikidata.org/entity/Q7016$920923
=648  \0$a18th Century (1701-1800)$1http://www.wikidata.org/entity/Q7015$920899
=650  \0$aComposer$1http://www.wikidata.org/entity/Q36834$93625
=650  \0$aOpera$1http://www.wikidata.org/entity/Q1344$92468
=651  \0$aNaples (Italy)$1http://www.wikidata.org/entity/Q2634$921
=651  \0$aRome (Italy)$1http://www.wikidata.org/entity/Q220$949
=651  \0$aFlorence (Italy)$1http://www.wikidata.org/entity/Q2044$9248
=942  \\$cBOO
=952  \\$00$10$2ddc$40$6BIO_SCAR1_E$70$8BIO$97798$aORPH$bORPH$cKTS1_P$d2020-07-08$eKoopman$i23F31$oBIO SCAR1 e$p20128674$r2021-01-12 00:00:00$w2021-01-12$yBOO
=999  \\$d7801

