=LDR  01327aam a2200253   4500
=001  7802
=008  230508s1972\\\\|||g||||\||||\00|\0dger\d
=041  \\$ager
=100  \\$aGruber, Gernot$4aut$1http://www.wikidata.org/entity/Q1514396$99145
=245  \\$aDas Wiener Sepolcro und Johann Joseph Fux$n1. Teil
=260  \\$aGraz$bJohann Joseph Fux Gesellschaft$c1972
=300  \\$a38 pages
=490  \\$aJahresgabe der Johann-Joseph-Fux-Gesellschaft$v1968
=561  \\$aAutograph dedication to Professor Federhofer
=590  \\$aNach einem Vortrag gehalten vor der Jahreshauptversammlung der Johann-Joseph-Fux-Gesellschaft am 3. Dezember 1968
=600  \0$1http://www.wikidata.org/entity/Q311378$aFux, Johann Joseph$d1660-1741$910900
=610  \0$1http://www.wikidata.org/entity/Q65968$aHouse of Habsburg$922829
=648  \0$1http://www.wikidata.org/entity/Q7015$a18th Century (1701-1800)$920899
=650  \0$1http://www.wikidata.org/entity/Q781815$aPassion$92006
=650  \0$aMusic history$1http://www.wikidata.org/entity/Q846047$921373
=651  \0$1http://www.wikidata.org/entity/Q1741$aVienna (Austria)$920937
=942  \\$cBOO
=952  \\$00$10$2ddc$40$6TOP_AT_VIE_5_000000000000000$70$8TOP$97799$aORPH$bORPH$cKTS0$d2020-07-08$eKoopman$i47F16$l0$oTOP AT.VIE 5$p20123794$r2021-01-12 00:00:00$w2021-01-12$yBOO$OKoopman
=999  \\$d7802

