=LDR  00905    a2200193   4500
=001  7803
=008  241120s1981\\\\||||||||\||||\00|\0\ger\d
=041  \\$ager
=100  \\$aGründler, Johannes$911294
=245  \\$aDie Kuenringer.$bDas werden des Landes Niederösterreich
=260  \\$c1981$aVienna$bAmt der Niederösterreichischen Landesregierung Abt.III/2 - Kulturabteilung
=300  \\$a748-[84] pages
=490  \\$aKatalog des Niederösterreichischen Landesmuseum$vNeue Folge, nr. 110
=590  \\$aAustellungskatalog Niederösterreichischen Landesmuseum Stift Zwettl 16. Mai - 26. Oktober 1981
=650  \0$aHistory$1http://www.wikidata.org/entity/Q309$921403
=651  \0$aNiederösterreich (Austria)$939229
=942  \\$cBOO
=952  \\$00$10$2ddc$40$6TOP_AT_0_000000000000000$70$8TOP$97800$aORPH$bORPH$cKTS0$d2020-07-08$eKoopman$l0$oTOP AT 0$p20120528$r2021-01-12 00:00:00$w2021-01-12$yBOO$OKoopman
=999  \\$d7803

