=LDR  00868cam a2200205 a 4500
=001  7804
=005  20250120120025.0
=008  981029s1998\\\\it\ag\\\\b\\\\001\0deng\\
=020  \\$a8886366736
=040  \\$aOI
=100  \\$aGrundy Fanelli, Jean$911295
=245  14$aThe oratorios of Giovanni Carlo Maria Clari /$cJean Grundy Fanelli.
=260  \\$aBologna, Italy :$bPendragon,$cc1998.
=300  \\$a214 p. :$bill., music ;$c25 cm.
=504  \\$aIncludes bibliographical references (p. 199-210) and index.
=600  \0$aClari, Giovanni Carlo Maria$d1677-1754$1http://www.wikidata.org/entity/Q1250827$911296
=650  \0$aOratorio$1http://www.wikidata.org/entity/Q85477$91825
=942  \\$cBOO
=952  \\$00$10$2ddc$40$6BIO_CLAR_E$70$8BIO$97801$aORPH$bORPH$cKTS1_P$d2020-07-08$eKoopman$i33G01$oBIO CLAR e$p20122708$r2021-01-12 00:00:00$w2021-01-12$yBOO$OKoopman
=999  \\$c7804$d7804

