=LDR  02136aam a2200373   4500
=001  7805
=008  250507s1983\\\\|||ac|||\||||\00|\0cger\d
=041  \\$ager
=100  \\$aGrunow, Heinz$911297
=245  \\$aDas große Zeitalter Wolfenbütteler Musik
=260  \\$c1983$aWolfenbüttel$bVerkehrsverein Wolfenbüttel
=300  \\$a44 pages
=490  \\$aSchriften zu Heimatkunde$vHeft 19
=600  \0$aMancinus, Thomas$d1550-1610$1http://www.wikidata.org/entity/Q15447020$940171
=600  \0$aPraetorius, Michael$d1571-1621$1http://www.wikidata.org/entity/Q108278$97239
=600  \0$aSelichius, Daniel$d1581-1626$1http://www.wikidata.org/entity/Q60762348$940172
=600  \0$aSchütz, Heinrich$d1585-1672$1http://www.wikidata.org/entity/Q153643$97240
=600  \0$aLöwe, Johann Jakob$d1629-1703$1http://www.wikidata.org/entity/Q1694815$940173
=600  \0$aWeiland, Julius Johann$d1605?-1663$1http://www.wikidata.org/entity/Q820055$940174
=600  \0$aRosenmüller, Johann$dc. 1619-1684$1http://www.wikidata.org/entity/Q372593$910693
=600  \0$aKöler, Martin$d1620-1704$1http://www.wikidata.org/entity/Q94907411$940175
=600  \0$aBraunschweig-Lüneburg, Sophie Elisabeth von$d1613-1676$1http://www.wikidata.org/entity/Q448131$98975
=648  \0$a17th Century (1601-1700)$1http://www.wikidata.org/entity/Q7016$920923
=650  \0$aMusic history$1http://www.wikidata.org/entity/Q846047$921373
=650  \0$aCappella$1http://www.wikidata.org/entity/Q19902156$922910
=650  \0$aBiography$1http://www.wikidata.org/entity/Q36279$91927
=650  \0$aPatronage$1http://www.wikidata.org/entity/Q214092$94245
=650  \0$aMusician$1http://www.wikidata.org/entity/Q639669$93574
=650  \0$aComposer$1http://www.wikidata.org/entity/Q36834$93625
=650  \0$aConductor$1http://www.wikidata.org/entity/Q158852$93134
=651  \0$aWolfenbüttel (Germany)$1http://www.wikidata.org/entity/Q4122$923426
=942  \\$cBOO
=952  \\$00$10$2ddc$40$6TOP_DE_WOL_5_000000000000000$70$8TOP$97802$aORPH$bORPH$cKTS0$d2020-07-08$eKoopman$i19D23$l0$oTOP DE.WOL 5$p20127820$r2021-01-12 00:00:00$w2021-01-12$yBOO$OKoopman
=999  \\$d7805

