=LDR  01116aab a2200229   4500
=001  7806
=008  241212s1957\\\\||||||||\||||\00|\00ger\d
=041  \\$ager
=100  \\$aGrusnick, Bruno$d1900-1992$4aut$914925
=245  \\$aZur Chronologie von Dietrich Buxtehudes Vokalwerken
=260  \\$aKassel$bBärenreiter$c1957
=500  \\$aOffprint from 'Die Musikforschung', vol. X, no. 1
=600  \0$aBuxtehude, Dietrich$d1637-1707$1http://www.wikidata.org/entity/Q153637$910062
=648  \0$a17th Century (1601-1700)$1http://www.wikidata.org/entity/Q7016$920923
=648  \0$a18th Century (1701-1800)$1http://www.wikidata.org/entity/Q7015$920899
=650  \0$aChronology$1http://www.wikidata.org/entity/Q130788$922826
=650  \0$aVocal music$1http://www.wikidata.org/entity/Q685884$93319
=651  \0$aLübeck (Germany)$1http://www.wikidata.org/entity/Q2843$9125
=856  \\$3JSTOR$uhttps://www.jstor.org/stable/41113578
=942  \\$cART
=952  \\$00$10$2ddc$40$6BIO_BUXT_C$70$8BIO$97803$aORPH$bORPH$cKTS1_P$d2020-07-08$eKoopman$i32C42$l0$oBIO BUXT c$p20122877$r2021-01-12 00:00:00$w2021-01-12$yBOO$OKoopman
=999  \\$d7806

