=LDR  01585aab a2200277   4500
=001  7808
=008  241212i19641966||||||||\||||\00|\0dger\d
=041  \\$ager
=100  \\$aGrusnick, Bruno$d1900-1992$4aut$914925
=245  \\$aDie Dübensammlung.$bEin Versuch ihrer chronologischen Ordnung
=260  \\$aKungsängen$bSvenska samfundet för musikforskning$c1964-6
=300  \\$a2 volumes
=500  \\$aOffprints from Svensk tidskrift för Musikforskning, 1964, pages 27-82 and 1966, pages 63-186
=600  \0$aBuxtehude, Dietrich$d1637-1707$1http://www.wikidata.org/entity/Q153637$910062
=600  \0$aDüben, Gustaf$d1624/8-1690$1http://www.wikidata.org/entity/Q326817$925684
=610  \0$aDüben collection (Uppsala, Sweden)$1http://www.wikidata.org/entity/Q947393$939309
=648  \0$a17th Century (1601-1700)$1http://www.wikidata.org/entity/Q7016$920923
=650  \0$aManuscript$1http://www.wikidata.org/entity/Q87167$92275
=650  \0$aLibrary$1http://www.wikidata.org/entity/Q7075$94229
=650  \0$aChronology$1http://www.wikidata.org/entity/Q130788$922826
=651  \0$aUppsala (Sweden)$1http://www.wikidata.org/entity/Q25286$939310
=856  \\$3STM$uhttps://musikforskning.se/stm/stmbrowser.php?where=title&menu=2&query_string=D%FCbensammlung
=942  \\$cBOO
=952  \\$00$10$2ddc$40$70$8BIB$97805$aORPH$bORPH$cKTS0$d2020-07-08$eKoopman$i33B23_02$l0$p20120362$r2021-01-12 00:00:00$w2021-01-12$yART$OKoopman
=952  \\$00$10$2ddc$3Ergänzung zu Teil II$40$70$8BIB$924967$aORPH$bORPH$cKTS0$d2020-07-08$eKoopman$i38E38$l0$r2024-12-12 15:17:41$w2024-12-12$yART
=999  \\$d7808

