=LDR  00388    a2200121   4500
=001  7809
=020  \\$a9026101910
=100  \\$aGuareschi, G.$911299
=245  \\$aDon Camillo, geesten en beesten
=260  \\$c1985
=942  \\$cBOO
=952  \\$00$10$2ddc$40$6LIT_GUAR_A$70$8LIT$97806$aORPH$bORPH$cKM12_2_H$d2020-07-08$eKoopman$i40B13$oLIT GUAR a$p20120320$r2021-01-12 00:00:00$w2021-01-12$yBOO
=999  \\$c7809$d7809

