=LDR  00331    a2200097   4500
=001  7810
=100  \\$aGuareschi, G.$911299
=245  \\$aDon Camillo in Rusland
=942  \\$cBOO
=952  \\$00$10$2ddc$40$6LIT_GUAR_A$70$8LIT$97807$aORPH$bORPH$cKM12_2_H$d2020-07-08$eKoopman$i40B14$oLIT GUAR a$p20120319$r2021-01-12 00:00:00$w2021-01-12$yBOO
=999  \\$c7810$d7810

