=LDR  01048cam a22002534a 4500
=001  7811
=005  20251003085457.0
=008  100706s2009\\\\li\a\\\\\b\\\\001\0\lit\\
=020  \\$a6094200004
=041  \\$bEnglish$bGerman$alit
=100  \\$aGučas, Rimantas$d-1942$4aut$911300
=245  10$aLietuvos vargonai. $bKatalogas
=260  \\$aVilnius$bPetro$c2009
=300  \\$a585 pages$bill. $c25 cm
=504  \\$aIncludes bibliographical references (p. 565-570) and indexes.
=546  \\$aForeword in English and German.
=561  \\$aDedicated by the author to Ton Koopman
=650  \0$aOrgan$1http://www.wikidata.org/entity/Q1444$92810
=650  \0$aCatalogue$1http://www.wikidata.org/entity/Q2352616$921484
=650  \0$aOrganology$1http://www.wikidata.org/entity/Q899293$921400
=651  \0$aLithuania$1http://www.wikidata.org/entity/Q37$921701
=942  \\$cBOO
=952  \\$00$10$2ddc$40$6INS_3_000000000000000_1A_LT$70$8INS$97808$aORPH$bORPH$cKTS0$d2020-07-08$eKoopman$i47C32$oINS3.1a LT$p20123722$r2021-01-12 00:00:00$w2021-01-12$yBOO
=999  \\$d7811

