=LDR  01186aam a2200241   4500
=001  7812
=008  240220s1967\\\\||||||||\||||\00|\0bger\d
=041  \\$ager
=100  \\$aGudewill, K.$911301$4aut
=245  \\$aFranz Tunder und die Nordelbingische Musikkultur seiner Zeit
=260  \\$aLübeck$bStadt Lübeck$c1967
=490  \\$aKultusverwaltung der Hansestadt Lübeck Veröffentlichung$v1
=600  \0$aTunder, Franz$d1614-1667$1http://www.wikidata.org/entity/Q698358$914483
=648  \0$a17th Century (1601-1700)$1http://www.wikidata.org/entity/Q7016$920923
=650  \0$aComposer$1http://www.wikidata.org/entity/Q36834$93625
=650  \0$aOrganist$1http://www.wikidata.org/entity/Q765778$94471
=650  \0$aBiography$1http://www.wikidata.org/entity/Q36279$91927
=650  \0$aMusic history$1http://www.wikidata.org/entity/Q846047$921373
=650  \0$aAbendmusik$1http://www.wikidata.org/entity/Q318973$926413
=651  \0$aLübeck (Germany)$1http://www.wikidata.org/entity/Q2843$9125
=942  \\$cBOO
=952  \\$00$10$2ddc$40$6BIO_TUND_E$70$8BIO$97809$aORPH$bORPH$cKTS1_P$d2020-07-08$eKoopman$i33D16$l0$oBIO TUND e$p20122733$r2021-01-12 00:00:00$w2021-01-12$yBOO$OKoopman
=999  \\$d7812

