=LDR  01014cam a2200253 i 4500
=001  7814
=008  170208s1995\\\\fr\af\\\\b\\\\000\0\fre\d
=041  \\$afre
=043  \\$as-bl---
=245  10$aL'orgue de Dole
=264  \1$aSaint-Imier$aFrasne$bCanevas$c1995
=300  \\$a130 pages pages :
=650  \0$aOrgan$1http://www.wikidata.org/entity/Q1444$92810
=650  \0$aOrganology$1http://www.wikidata.org/entity/Q899293$921400
=651  \0$aFrance$1http://www.wikidata.org/entity/Q142$9131
=651  \0$aDole (France)$1http://www.wikidata.org/entity/Q205586$924236
=700  \\$4ctb$aGuéritey, Pierre-Marie$911302
=700  \\$4ctb$aRuty, Roger$924232
=700  \\$4ctb$aJacquemart, Jean-Pierre$924233
=700  \\$4ctb$aBéraza, Jacques$924234
=700  \\$4win$aChapuis, Michel$d1930-2017$924235
=942  \\$cBOO
=952  \\$00$10$2ddc$40$6INS_3_000000000000000_1E_FR_DOL$70$8INS$921566$aORPH$bORPH$cKTS0$d2020-07-08$eKoopman$i37D15$l0$oINS3.1e FR.DOL$p20120542$r2022-05-23 00:00:00$w2022-05-23$yBOO
=999  \\$d7814

