=LDR  00854    a2200205   4500
=001  7815
=008  240708s1996\\\\|||a||||\||||\00|\0\fre\d
=020  \\$a2876611422
=041  \\$afre
=100  \\$aGuéritey, Pierre-Marie$4edt$911302
=245  \\$aLes Orgues de l'Isère
=260  \\$c1996$aChambéry$bComp'Act$bAssiciation Régionale de Diffusion et d'Information Musicales
=300  \\$a389 pages
=490  \\$aInventaire National des Orgues: Orgues de Rhone-Alpes
=650  \0$aOrgan$1http://www.wikidata.org/entity/Q1444$92810
=651  \0$aFrance$1http://www.wikidata.org/entity/Q142$9131
=700  \\$aGuéritey, Michelle$4edt$924166
=942  \\$cBOO
=952  \\$00$10$2ddc$40$6INS_3_000000000000000_1A_FR_ISE$70$8INS$97812$aORPH$bORPH$cKTS0$d2020-07-08$eKoopman$i45G16$l0$oINS3.1a FR.ISE$p20127550$r2021-01-12 00:00:00$w2021-01-12$yBOO$OKoopman
=999  \\$d7815

