=LDR  01179aam a2200241   4500
=001  7817
=005  20251103150107.0
=008  241220r19301997||||||||\||||\00|\0\eng\d
=020  \\$a8121507693
=041  \\$aeng
=100  \\$aGuerreiro, Fernão$d1550-1617$1http://www.wikidata.org/entity/Q1407456$4aut$911304
=245  \\$aJahangir and the Jesuits:$bWith an account of The Travels of Benedict Goes and the Mission to Pegu
=260  \\$aNew Delhi$bMunshiram Manoharlal$c1997
=610  \0$aJesuits$1http://www.wikidata.org/entity/Q36380$921140
=648  \0$a17th Century (1601-1700)$1http://www.wikidata.org/entity/Q7016$920923
=650  \0$aCatholicism$1http://www.wikidata.org/entity/Q1841$921631
=650  \0$aTravel$1http://www.wikidata.org/entity/Q61509$94440
=651  \0$aChina$1http://www.wikidata.org/entity/Q29520$921493
=651  \0$aIndia$1http://www.wikidata.org/entity/Q668$922078
=700  \\$aGóis, Bento de$d1562-1607$1http://www.wikidata.org/entity/Q818328$4aut$939352
=942  \\$cBOO
=952  \\$00$10$2ddc$40$6BIO_GUER_A$70$8BIO$97814$aORPH$bORPH$cKTS1_P$d2020-07-08$eKoopman$i23G06$oBIO GUER a$p20125782$r2021-01-12 00:00:00$w2021-01-12$yBOO$OKoopman
=999  \\$d7817

