=LDR  00387    a2200121   4500
=001  7818
=020  \\$a9782839902724
=100  \\$aGuiguer, L. F.$911305
=245  \\$aJournal 1771-1779
=260  \\$c2007
=942  \\$cBOO
=952  \\$00$10$2ddc$40$6BIO_GUIG_A$70$8BIO$97815$aORPH$bORPH$cKTS1_P$d2020-07-08$eKoopman$i41A16-I$oBIO GUIG a$p20120201$r2021-01-12 00:00:00$w2021-01-12$yBOO$OKoopman
=999  \\$c7818$d7818

