=LDR  00388    a2200121   4500
=001  7819
=020  \\$a9782970061700
=100  \\$aGuiguer, L. F.$911305
=245  \\$aJournal 1779-1784
=260  \\$c2008
=942  \\$cBOO
=952  \\$00$10$2ddc$40$6BIO_GUIG_A$70$8BIO$97816$aORPH$bORPH$cKTS1_P$d2020-07-08$eKoopman$i41A16-II$oBIO GUIG a$p20120200$r2021-01-12 00:00:00$w2021-01-12$yBOO$OKoopman
=999  \\$c7819$d7819

