=LDR  01014aam a2200217   4500
=001  7822
=008  220207s1975\\\\|||oghf|\||||\00|\0dger\d
=041  \\$ager
=100  \\$aGülke, Peter$1http://www.wikidata.org/entity/Q2075363$4aut$920008
=245  \\$aMönche, Bürger, Minnesänger:$bMusik in der Gesellschaft des europäischen Mittelalters
=260  \\$aLeipzig$bKoehler & Amelang$c1975
=300  \\$a284 pages
=561  \\$aContains a written dedication by Hubert Unverricht to Hellmut Federhofer
=648  \0$aMiddle Ages (500-1400)$1http://www.wikidata.org/entity/Q12554$920964
=650  \0$aMonastery$926216
=650  \0$aMinnesänger$1http://www.wikidata.org/entity/Q11781549$923659
=650  \0$aMusic history$1http://www.wikidata.org/entity/Q846047$921373
=651  \0$aEurope$1http://www.wikidata.org/entity/Q46$991
=942  \\$cBOO
=952  \\$00$10$2ddc$40$6GHM_3_000000000000000$70$8GHM$97819$aORPH$bORPH$cKM12_1$d2020-07-08$eKoopman$i46D44$oGHM3$p20127663$r2021-01-12 00:00:00$w2021-01-12$yBOO
=999  \\$d7822

