=LDR  00812aam a2200181   4500
=001  7826
=008  230608s1935\\\\||||||||\||||\00|\0\ger\d
=041  \\$ager
=100  \\$aGünther, S.$4aut$911311
=245  \\$aDie geistliche Konzertmusik von Thomas Selle nebst einer Biographie
=260  \\$aBückeburg$bPrinz$c1935
=600  \0$1http://www.wikidata.org/entity/Q96928$aSelle, Thomas$d1599-1663$926297
=648  \0$1http://www.wikidata.org/entity/Q7016$a17th Century (1601-1700)$920923
=650  \0$1http://www.wikidata.org/entity/Q8812109$aChurch music$92283
=651  \0$1http://www.wikidata.org/entity/Q183$aGermany$9155
=942  \\$cBOO
=952  \\$00$10$2ddc$40$6BIO_SELL_E$70$8BIO$97823$aORPH$bORPH$cKTS1_P$d2020-07-08$eKoopman$i25B04$l0$oBIO SELL e$p20129188$r2021-01-12 00:00:00$w2021-01-12$yBOO$OKoopman
=999  \\$d7826

