=LDR  01027aam a2200217   4500
=001  7827
=005  20250925143257.0
=008  220216s1926\\\\gw\g||||\||||\00|\0\ger\d
=041  \\$ager
=100  \\$aGurlitt, Wilibald$d1889-1963$4edt$919994
=245  \\$aBericht über die Freiburger Tagung für Deutsche Orgelkunst von 27. bis 30. July 1926
=260  \\$aAugsburg$bBärenreiter$c1926
=300  \\$a178 pages+12 leaves of plates
=648  \0$a19th Century (1801-1900)$1http://www.wikidata.org/entity/Q6955$920935
=648  \0$a20th Century (1901-2000)$1http://www.wikidata.org/entity/Q6927$920936
=650  \0$aOrgan music$1http://www.wikidata.org/entity/Q2003283$91951
=650  \0$aHistorically informed performance$1http://www.wikidata.org/entity/Q1344860$920980
=651  \0$aGermany$1http://www.wikidata.org/entity/Q183$9155
=942  \\$cBOO
=952  \\$00$10$2ddc$40$6INS_3_100000000000000_A_DE$70$8INS$97824$aORPH$bORPH$cKTS0$d2020-07-08$eKoopman$i23B34$oInS 3.1 a DE$p20128633$r2021-01-12 00:00:00$w2021-01-12$yBOO
=999  \\$d7827

