=LDR  01060aam a2200217   4500
=001  7828
=008  250303s1968\\\\||||||||\||||\00|\0bger\d
=041  \\$ager
=100  \\$aGurlitt, Wilibald$d1889-1963$919994$4aut
=245  \\$aMichael Praetorius (Creuzbergensis).$bSein Leben und seine Werke
=260  \\$aHildesheim$bOlms$c1968
=600  \0$aPraetorius, Michael$d1571-1621$1http://www.wikidata.org/entity/Q108278$97239
=648  \0$a16th Century (1501-1600)$1http://www.wikidata.org/entity/Q7017$920944
=648  \0$a17th Century (1601-1700)$1http://www.wikidata.org/entity/Q7016$920923
=650  \0$aComposer$1http://www.wikidata.org/entity/Q36834$93625
=650  \0$aMusic theorist$1http://www.wikidata.org/entity/Q16031530$92202
=650  \0$aBiography$1http://www.wikidata.org/entity/Q36279$91927
=651  \0$aGermany$1http://www.wikidata.org/entity/Q183$9155
=942  \\$cBOO
=952  \\$00$10$2ddc$40$6BIO_PRAE_D$70$8BIO$97825$aORPH$bORPH$cKTS1_P$d2020-07-08$eKoopman$i23G11$l0$oBIO PRAE d$p20125777$r2021-01-12 00:00:00$w2021-01-12$yBOO$OKoopman
=999  \\$d7828

