=LDR  00989pam a2200241 a 4500
=001  7829
=005  20251003085457.0
=008  910204s1990\\\\\\\\\\\\\c\\\\001\0\eng\\
=020  \\$a0193152568
=041  \\$aeng
=245  \\$aA Catalogue of French Harpischord Music 1699-1780
=260  \\$aOxford$bClarendon$c1990
=300  \\$a446 pages
=648  \0$a18th Century (1701-1800)$1http://www.wikidata.org/entity/Q7015$920899
=650  \0$aHarpsichord$1http://www.wikidata.org/entity/Q81982$92125
=650  \0$aKeyboard music$1http://www.wikidata.org/entity/Q105715630$921412
=650  \0$aCatalogue$1http://www.wikidata.org/entity/Q2352616$921484
=651  \0$aFrance$1http://www.wikidata.org/entity/Q142$9131
=700  \\$aGustafson, Bruce$4aut$911316
=700  \\$aFuller, David$4aut$921537
=942  \\$cBOO
=952  \\$00$10$2ddc$40$6INS_3_000000000000000_2A_FR$70$8INS$97826$aORPH$bORPH$cKTS0$d2020-07-08$eKoopman$i21F36$oINS3.2a FR$p20125471$r2021-01-12 00:00:00$w2021-01-12$yBOO
=999  \\$d7829

