=LDR  01434    a2200265   4500
=001  7830
=005  20251003085457.0
=008  220323s1979\\\\||||||||\||||\00|\0\eng\d
=020  \\$a0835710661
=041  \\$aeng
=100  \\$aGustafson, Bruce$4aut$911316
=245  \\$aFrench Harpsichord Music of the 17th Century.$bA Thematic Catalog of the Sources with Commentary
=260  \\$aAnn Arbor, MI$bUMI Research Press$c1979
=300  \\$a3 vols. (380+488+394) pages
=490  \\$aStudies in Musicology$v11
=648  \0$a17th Century (1601-1700)$1http://www.wikidata.org/entity/Q7016$920923
=650  \0$aHarpsichord$1http://www.wikidata.org/entity/Q81982$92125
=650  \0$aInstrumental music$1http://www.wikidata.org/entity/Q639197$92106
=650  \0$aCatalogue$1http://www.wikidata.org/entity/Q2352616$921484
=651  \0$aFrance$1http://www.wikidata.org/entity/Q142$9131
=942  \\$cBOO
=952  \\$00$10$2ddc$3vol. I$40$6INS_3_000000000000000_2A_FR$70$97827$aORPH$bORPH$cKTS0$d2020-07-08$eKoopman$i29E04$oINS3.2a FR$p20121293$r2021-01-12 00:00:00$w2021-01-12$yBOO
=952  \\$00$10$2ddc$3vol. II$40$6INS_3_000000000000000_2A_FR$70$97828$aORPH$bORPH$cKTS0$d2020-07-08$eKoopman$i29E04$oINS3.2a FR$p20121292$r2021-01-12 00:00:00$w2021-01-12$yBOO
=952  \\$00$10$2ddc$3vol. III$40$6INS_3_200000000000000_FR$70$97829$aORPH$bORPH$cKTS0$d2020-07-08$eKoopman$i29E04$oINS3.2 FR$p20121291$r2021-01-12 00:00:00$w2021-01-12$yBOO
=999  \\$d7830

