=LDR  00744aam a2200181   4500
=001  7833
=008  250525s1980\\\\||||||||\||||\00|\0beng\d
=041  \\$aeng
=100  \\$aHume, Tobias$d1569-1645$1http://www.wikidata.org/entity/Q938499$940243$4aut
=245  \\$aThe First part of Ayeres; Captaine Humes Poeticall Musicke
=260  \\$aWinterthur$bAmadeus$c1980
=300  \\$a271 pages
=490  \\$aPrattica Musicale$v2
=700  \\$aJones, Sterling$d1930-2022$1http://www.wikidata.org/entity/Q86826422$4edt$939853
=700  \\$aGutmann, Veronika$4win$911317
=942  \\$cBOO
=952  \\$00$10$2ddc$40$6BIO_HUME_C$70$8BIO$97830$aORPH$bORPH$cKTS1_P$d2020-07-08$eKoopman$i19G11$oBIO HUME c$p20125206$r2021-01-12 00:00:00$w2021-01-12$yBOO$OKoopman
=999  \\$d7833

