=LDR  00848aam a2200205   4500
=001  7836
=008  211026s1968\\\\gw\af|||\||||\00|\0\ger\d
=041  \\$ager
=100  \\$aHaacke, Walter$4aut$911320
=245  \\$aAm Klavier.$bWerke europäischer Maler aus Sechs Jahrhunderten
=260  \\$aKönigstein im Taunus$bLangewiesche$c1968
=300  \\$a80 pages
=561  \\$aEx Libris Ton Koopman
=648  \0$aPast$1http://www.wikidata.org/entity/Q192630$922196
=650  \0$aKeyboard instrument$1http://www.wikidata.org/entity/Q52954$92849
=650  \0$aIconography$1http://www.wikidata.org/entity/Q208145$921259
=650  \0$aFine art$1http://www.wikidata.org/entity/Q219625$921579
=942  \\$cBOO
=952  \\$00$10$2ddc$40$6INS_3A$70$8INS$97833$aORPH$bORPH$cKTS0$d2020-07-08$eKoopman$i18B42$oINS3a$p20127718$r2021-01-12 00:00:00$w2021-01-12$yBOO
=999  \\$d7836

