=LDR  00667    a2200181   4500
=001  7837
=008  220215s1954\\\\gw\f||||\||||\00|\0\ger\d
=041  \\$ager
=100  \\$aHaacke, Walter$4aut$911320
=245  \\$aOrgeln. 48 Bilder
=300  \\$a48 pages
=336  \\$aprinted
=650  \0$aOrgan$1http://www.wikidata.org/entity/Q1444$92810
=650  \0$aOrganology$1http://www.wikidata.org/entity/Q899293$921400
=651  \0$aGermany$1http://www.wikidata.org/entity/Q183$9155
=942  \\$cBOO
=952  \\$00$10$2ddc$40$6INS_3_000000000000000_1A_DE$70$8INS$97834$aORPH$bORPH$cKTS0$d2020-07-08$eKoopman$i24A07$oINS3.1a DE$p20128721$r2021-01-12 00:00:00$w2021-01-12$yBOO
=999  \\$d7837

