=LDR  00891    a2200229   4500
=001  7838
=005  20251003085457.0
=008  220127s1975\\\\gw\f||||\||||\00|\0\mul\d
=020  \\$a3784530516
=041  \\$ager$aeng$afre
=100  \\$aHaacke, Walter$4aut$911320
=245  \\$aOrgeln in aller Welt
=246  \1$aOrgans of the World-argues du monde entire
=260  \\$c1975$aGermany$bKarl Robert Langewiesche Nachfolger Hans Köster Verlagsbuchhandlung
=300  \\$a96 pages
=336  \\$aprinted
=650  \0$aOrgan$1http://www.wikidata.org/entity/Q1444$92810
=650  \0$aCatalogue$1http://www.wikidata.org/entity/Q2352616$921484
=650  \0$aChurch$1http://www.wikidata.org/entity/Q16970$93776
=942  \\$cBOO
=952  \\$00$10$2ddc$40$6INS_3_000000000000000_1A$70$8INS$97835$aORPH$bORPH$cKTS0$d2020-07-08$eKoopman$i24E08$oINS3.1a$p20125943$r2021-01-12 00:00:00$w2021-01-12$yBOO
=999  \\$d7838

