=LDR  00356    a2200109   4500
=001  7839
=100  \\$aHaacke, Walter$911320
=245  \\$aHeinrich Schütz
=260  \\$c1960
=942  \\$cBOO
=952  \\$00$10$2ddc$40$6BIO_SCHU5_D$70$8BIO$97836$aORPH$bORPH$cKTS1_P$d2020-07-08$eKoopman$i32F25$oBIO SCHU5 d$p20123076$r2021-01-12 00:00:00$w2021-01-12$yBOO$OKoopman
=999  \\$c7839$d7839

