=LDR  01080cam a22002291  4500
=001  7842
=008  880414s1971\\\\ne\a\\\\\\\\\\000\0\dut\\
=020  \\$a9060480015
=041  \\$adut
=100  \\$aHaan, Jacques den$4edt$911322
=245  10$aVerzamelen is ook een kunst:$bOnsterfelijkheid in oude boeken
=260  \\$aAmsterdam$bOrbit$c1971
=300  \\$a199 pages$c22 cm.
=500  \\$aEssays by Jacques den Haan, F. Knuf, N. Israel, A.L. van Gendt, A.H.J. Gerits, D.A.L. Schröder, C. Broekema, M.J. Elte, H.L. Gumbert, Hilde B. Rosenthal, J.H. Landwehr, Bob de Graaf

=650  \0$aCollecting$1http://www.wikidata.org/entity/Q208165$92117
=650  \0$aImmortality$926810
=650  \0$aBook$1http://www.wikidata.org/entity/Q571$92285
=650  \0$aPrinting$1http://www.wikidata.org/entity/Q11034$921936
=650  \0$aLibrary$1http://www.wikidata.org/entity/Q7075$94229
=942  \\$cBOO
=952  \\$00$10$2ddc$40$6BIB_1_000000000000000_HAAN$70$8BIB$97839$aORPH$bORPH$cKTS0$d2020-07-08$eKoopman$i42D11$l0$oBIB1 HAAN$p20122056$r2021-01-12 00:00:00$w2021-01-12$yBOO$OKoopman
=999  \\$d7842

