=LDR  00956aam a2200205   4500
=001  7844
=005  20250929090951.0
=008  250929s1996\\\\||||||||\||||\00|\0\dut\d
=020  \\$a9789064697111
=041  \\$adut
=100  \\$aHaan, S. W. M. A. den$911324$4aut
=245  \\$aZucht om zich te oefenen in de lieflijke zangkunst:$bhet zangkoor van het Leidse Weeshuis in de Bataafs-Franse Tijd
=260  \\$aAlphen aan de Rijn$bCanaletto$c1996
=648  \0$a18th Century (1701-1800)$1http://www.wikidata.org/entity/Q7015$920899
=650  \0$aSinging$1http://www.wikidata.org/entity/Q27939$92767
=650  \0$aMusic education$1http://www.wikidata.org/entity/Q27908$921766
=651  \0$aLeiden (Netherlands)$1http://www.wikidata.org/entity/Q43631$978
=942  \\$cBOO
=952  \\$00$10$2ddc$40$6TOP_NL_LEI_5_000000000000000$70$8TOP$97841$aORPH$bORPH$cKTS0$d2020-07-08$eKoopman$i24E32$l0$oTOP NL.LEI 5$p20125927$r2021-01-12 00:00:00$w2021-01-12$yBOO$OKoopman
=999  \\$d7844

