=LDR  01020cam a2200241 a 4500
=001  7846
=005  20250121142122.0
=008  990302s1998\\\\ne\a\\\\\\\\\\001\0\dut\\
=020  \\$a9065506047
=040  \\$aOI
=041  \\$adut
=100  \\$aHaas, Anna de$4aut$924072
=245  13$aDe wetten van het treurspel:$bover ernstig toneel in Nederland, 1700-1772
=260  \\$aHilversum$bVerloren$c1998
=300  \\$axv-350 pages$billustrations$c24 cm
=504  \\$aIncludes bibliographical references (p. [280]-323) and indexes.
=648  \0$a18th Century (1701-1800)$1http://www.wikidata.org/entity/Q7015$920899
=650  \0$aTransposition$1http://www.wikidata.org/entity/Q815323$93154
=650  \0$aTheater history$1http://www.wikidata.org/entity/Q1061140$94607
=651  \0$aNetherlands$1http://www.wikidata.org/entity/Q55$9173
=942  \\$cBOO
=952  \\$00$10$2ddc$40$6TOP_NL_5_000000000000000$70$8TOP$97843$aORPH$bORPH$cKTS0$d2020-07-08$eKoopman$i22C13$oTOP NL 5$p20125718$r2021-01-12 00:00:00$w2021-01-12$yBOO
=999  \\$d7846

