=LDR  01216nam a22002777a 4500
=001  7847
=005  20250121142122.0
=008  870902s1987\\\\ne\a\\\\\b\\\\000\0\dut\\
=020  \\$a906011549X :$cfl 15.00
=040  \\$aOI
=041  \\$adut
=245  10$aJ. F. Martinet en de achttiende eeuw:$bin ijver en onverzadelijken lust om te leeren
=260  \\$aZutphen$bWalburg Pers$bVereniging Vrienden van de Stedelijke Musea$c1987
=300  \\$a79 pages$billustrations$c21 cm
=504  \\$a"Werken van Martinet": p. 76-77.
=504  \\$aBibliography: p. 78.
=600  \0$aMartinet, Jan Floris$d1729-1795$1http://www.wikidata.org/entity/Q1826583$95561
=648  \0$a18th Century (1701-1800)$1http://www.wikidata.org/entity/Q7015$920899
=650  \0$aWriter$1http://www.wikidata.org/entity/Q36180$93885
=650  \0$aBiography$1http://www.wikidata.org/entity/Q36279$91927
=651  \0$aNetherlands$1http://www.wikidata.org/entity/Q55$9173
=700  \\$aHaas, Frieda de$4aut$911329
=700  \\$aPaasman, Bert$4aut$911330
=942  \\$cBOO
=952  \\$00$10$2ddc$40$6BIO_MART3_E$70$8BIO$97844$aORPH$bORPH$cKTS1_P$d2020-07-08$eKoopman$i22D21$oBIO MART3 e$p20128457$r2021-01-12 00:00:00$w2021-01-12$yBOO$OKoopman
=999  \\$d7847

