=LDR  01286aam a2200253   4500
=001  7848
=008  250512s2010\\\\|||a||||\c|||\00|\0\eng\d
=041  \\$aeng
=110  \\$aOtto Haas (London, United Kingdom)$4edt$940180
=245  \\$aCatalogue 45$b[tribute to Otto Haas, at the 75th anniversary of Haas establishment in London]
=260  \\$aLondon$bHaas$c2010
=300  \\$a80 pages
=500  \\$aContains two tributes to Otto Haas by Albi Rosenthal (from 1955 and 1966), besides 75 items of music or books on music. 
=600  \0$aHaas, Otto$d1874-1955$940315
=650  \0$aAntiquarianism$1http://www.wikidata.org/entity/Q56418598$93233
=650  \0$aMusic$1http://www.wikidata.org/entity/Q638$92062
=650  \0$aCollecting$1http://www.wikidata.org/entity/Q208165$92117
=651  \0$aUnited Kingdom$1http://www.wikidata.org/entity/Q21$1http://www.wikidata.org/entity/Q145$9273
=700  \\$aRosenthal, Julia$4aut$940181
=700  \\$aDrüner, Ulrich$4aut$940182
=700  \\$aRosenthal, Albi$d1914-2004$1http://www.wikidata.org/entity/Q15888380$4ctb$913639
=942  \\$cBOO
=952  \\$00$10$2ddc$40$6BIB_4_000000000000000_GB_LON_HAAS$70$8BIB$97845$aORPH$bORPH$cKTS0$d2020-07-08$eKoopman$i25C06$l0$oBIB4 GB.LON HAAS$p20129255$r2021-01-12 00:00:00$w2021-01-12$yBOO$OKoopman
=999  \\$d7848

