=LDR  01254aam a2200253   4500
=001  7850
=005  20250926134855.0
=008  250604b\\\\\\\\|||a||||\\|||\00|\0\eng\d
=041  \\$aeng
=245  \\$aThe Penzel Manuscript : $bA Main Source for J.S. Bach's Four Part Chorales Containing 30 previously unknown Chorale Settings
=260  \\$c2014$aStuttgart$aLondon$bDrüner$bHaas
=300  \\$a8 pages
=500  \\$asales brochure
=500  \\$aPenzel was Johann Sebastian Bach's last pupil and a well known copyist of Bach's work. 
=600  \0$aPenzel, Christian Friedrich$d1737-1801$1http://www.wikidata.org/entity/Q1079646$940314
=600  \0$aBach, Johann Sebastian$d1685-1750$1http://www.wikidata.org/entity/Q1339$94766
=648  \0$a18th Century (1701-1800)$1http://www.wikidata.org/entity/Q7015$920899
=650  \0$aManuscript$1http://www.wikidata.org/entity/Q87167$92275
=651  \0$aLeipzig (Germany)$1http://www.wikidata.org/entity/Q2079$945
=710  \\$aOtto Haas (London, United Kingdom)$940180
=710  \\$aMusikantiquariat Dr. Ulrich Drüner$940313
=942  \\$cBOO
=952  \\$00$10$2ddc$40$6BIO_BACH1_B$70$8BIO$97847$aORPH$bORPH$cKTS1_P$d2020-07-08$eKoopman$i45G02$oBIO BACH1 b$p20130346$r2021-01-12 00:00:00$w2021-01-12$yBOO
=999  \\$d7850

