=LDR  01015aam a2200229   4500
=001  7852
=005  20250920142655.0
=008  210624s1932\\\\\\\afh||\||||\00|\0\ger\d
=041  \\$ager
=100  \\$aHaas, Robert$d1886-1960$4aut$1http://www.wikidata.org/entity/Q85658$916133
=245  \\$aDie Musik des Barocks
=260  \\$aPotsdam$bAthenaion$c1932
=300  \\$a291 pages, 16 color plates$billustrations, music
=490  \\$aHandbuch der Musikwissenschaft
=534  \\$aOriginally published in 1928
=648  \0$a17th Century (1601-1700)$1http://www.wikidata.org/entity/Q7016$920923
=648  \0$a18th Century (1701-1800)$1http://www.wikidata.org/entity/Q7015$920899
=650  \0$aMusic history$1http://www.wikidata.org/entity/Q846047$921373
=650  \0$aBaroque$1http://www.wikidata.org/entity/Q37853$921255
=942  \\$cBOO
=952  \\$00$10$2ddc$40$6GHM_5_000000000000000$70$8GHM$97849$aORPH$bORPH$cKM12_1$d2020-07-08$eKoopman$i25B05$l1$oGHM5$p20129187$r2022-08-11 00:00:00$s2022-08-11$w2021-01-12$yBOO
=999  \\$d7852

