=LDR  00959aam a2200205   4500
=001  7853
=005  20251003085457.0
=008  220811s1927\\\\||||||||\c|||\00|\0\ger\d
=041  \\$ager
=100  \\$aHaas, Robert$d1886-1960$4edt$1http://www.wikidata.org/entity/Q85658$916133
=245  \\$aDie Estensischen Musikalien:$bThematisches Verzeichnis, mit Einleitung
=260  \\$aRegensburg$bBosse$c1927
=300  \\$a232 pages
=610  \0$aHouse of Este$1http://www.wikidata.org/entity/Q36927672$924638
=610  \0$aÖsterreichische Nationalbibliothek (Vienna, Austria)$1http://www.wikidata.org/entity/Q304037$91356
=650  \0$aLibrary$1http://www.wikidata.org/entity/Q7075$94229
=650  \0$aCatalogue$1http://www.wikidata.org/entity/Q2352616$921484
=942  \\$cBOO
=952  \\$00$10$2ddc$40$6BIB_4_000000000000000_AT_VIE$70$8BIB$97850$aORPH$bORPH$cKTS0$d2020-07-08$eKoopman$i45B12$l0$oBIB4 AT.VIE$p20127399$r2021-01-12 00:00:00$w2021-01-12$yBOO$OKoopman
=999  \\$d7853

