=LDR  01030aam a2200205   4500
=001  7855
=008  230918s1967\\\\||||||||\||||\00|\0bger\d
=041  \\$ager
=100  \\$aHaase, H.$4aut$911335
=245  \\$aJobst vom Brandt (1517-1570):$bein Beitrag zur Musikgeschichte Deutschlands im zweiten Drittel des sechzehnten Jahrhunderts
=260  \\$aKassel$aBasel$aParis$aLondon$aNew York$bBärenreiter$c1967
=490  \\$aKieler Schriften zur Musikwissenschaft$v13
=600  \0$1http://www.wikidata.org/entity/Q1289358$aBrandt, Jobst von$d1517-1570$926501
=648  \0$1http://www.wikidata.org/entity/Q7017$a16th Century (1501-1600)$920944
=650  \0$1http://www.wikidata.org/entity/Q36834$aComposer$93625
=650  \0$1http://www.wikidata.org/entity/Q36279$aBiography$91927
=651  \0$1http://www.wikidata.org/entity/Q183$aGermany$9155
=942  \\$cBOO
=952  \\$00$10$2ddc$40$6BIO_BRAN_D$70$8BIO$97852$aORPH$bORPH$cKTS1_P$d2020-07-08$eKoopman$i32C26$l0$oBIO BRAN d$p20122895$r2021-01-12 00:00:00$w2021-01-12$yBOO$OKoopman
=999  \\$d7855

