=LDR  01226cam a2200241 a 4500
=001  7856
=005  20251003085457.0
=008  830124s1981\\\\gw\a\\\\\b\\\\000\0\ger\\
=041  \\$ager
=110  \\$aStaatliches Institut für Musikforschung (Berlin-Germany)$1http://www.wikidata.org/entity/Q2324586$91300
=245  10$aTasteninstrumente des Museums$bKielklaviere, Clavichorde, Hammerklaviere$cGesine Haase und Dieter Krickeberg ; Staatliches Institut für Musikforschung
=260  \\$aBerlin $bStaatliches Institut für Musikforschung$c1981
=300  \\$a120 pages$bill. (some col.) ;$c21 X 22 cm.
=336  \\$aprinted
=504  \\$aBibliography: p. 12-15.
=650  \0$aKeyboard instrument$1http://www.wikidata.org/entity/Q52954$92849
=650  \0$aCatalogue$1http://www.wikidata.org/entity/Q2352616$921484
=700  \\$aHaase, Gesine$911333
=700  \\$aKrickeberg, Dieter$911334
=942  \\$cBOO
=952  \\$00$10$2ddc$40$6INS_3A_DEBER1$70$8INS$97851$aORPH$bORPH$cKTS0$d2020-07-08$eKoopman$oINS3a DE:BER1$p20126611$r2021-01-12 00:00:00$w2021-01-12$yBOO
=952  \\$00$10$2ddc$40$6INS_3A_DE_BER1$70$8INS$97853$aORPH$bORPH$cKTS0$d2020-07-08$eThwaites$oINS3a DE.BER1$p20129997$r2021-01-12 00:00:00$w2021-01-12$yBOO
=999  \\$d7856

