=LDR  01187aam a2200241   4500
=001  7857
=008  250310s1983\\\\||||||||\||||\00|\0bdut\d
=041  \\$adut
=100  \\$aHaasnoot, Leendert$911336$4aut
=245  \\$aLeven en werken van Pieter Hellendaal
=260  \\$aKatwijk$bAlbédon/Klop$c1983
=500  \\$aDoctoral dissertation, Amsterdam, 1983
=600  \0$aHellendaal, Pieter$d1721-1799$1http://www.wikidata.org/entity/Q1895286$939864
=648  \0$a18th Century (1701-1800)$1http://www.wikidata.org/entity/Q7015$920899
=650  \0$aComposer$1http://www.wikidata.org/entity/Q36834$93625
=650  \0$aOrganist$1http://www.wikidata.org/entity/Q765778$94471
=650  \0$aViolinist$1http://www.wikidata.org/entity/Q1259917$93278
=650  \0$aBiography$1http://www.wikidata.org/entity/Q36279$91927
=651  \0$aNetherlands$1http://www.wikidata.org/entity/Q55$1http://www.wikidata.org/entity/Q29999$9173
=651  \0$aLondon (United Kingdom)$1http://www.wikidata.org/entity/Q84$9123
=942  \\$cBOO
=952  \\$00$10$2ddc$40$6BIO_HELL_D$70$8BIO$97854$aORPH$bORPH$cKTS1_P$d2020-07-08$eKoopman$i32F09$l0$oBIO HELL d$p20123093$r2021-01-12 00:00:00$w2021-01-12$yDIS$OKoopman
=999  \\$d7857

