=LDR  01585nam a2200313 a 4500
=001  7859
=005  20251003085457.0
=008  940228s1993\\\\gw\ag\\\\bc\\\001\0\ger\d
=020  \\$a3873280760
=041  \\$ager
=100  \\$aHaberkamp, Gertraut$d1937-2023$911338$4aut
=245  14$aDie Musikhandschriften der Dommusik St. Stephan im Archiv des Bistums Passau :$bthematischer Katalog
=260  \\$aMunich$bHenle$c1993
=300  \\$axv-287 pages$c30 cm.
=490  \\$aKataloge Bayerischer Musiksammlungen$v21
=504  \\$aIncludes bibliographical references (p. 261-266) and indexes.
=610  \0$aPassauer Dom (Germany)$91343
=648  \0$a18th Century (1701-1800)$1http://www.wikidata.org/entity/Q7015$920899
=648  \0$a19th Century (1801-1900)$1http://www.wikidata.org/entity/Q6955$920935
=650  \0$aManuscript$1http://www.wikidata.org/entity/Q87167$92275
=650  \0$aChurch music$1http://www.wikidata.org/entity/Q8812109$1http://www.wikidata.org/entity/Q1065742$92283
=650  \0$aCatalogue$1http://www.wikidata.org/entity/Q2352616$1http://www.wikidata.org/entity/Q6941730$921484
=650  20$aCatholicism$1http://www.wikidata.org/entity/Q1841$921631
=651  \0$aBavaria (Germany)$1http://www.wikidata.org/entity/Q980$9228
=651  \0$aPassau (Germany)$1http://www.wikidata.org/entity/Q4190$922171
=700  \\$aWurster, Herbert W.$911339$4win
=942  \\$cBOO
=952  \\$00$10$2ddc$40$6BIB_4_000000000000000_DE_PAS$70$8BIB$97856$aORPH$bORPH$cKTS0$d2020-07-08$eKoopman$i25A13$l0$oBIB4 DE.PAS$p20129157$r2021-01-12 00:00:00$w2021-01-12$yBOO$OKoopman
=999  \\$d7859

