=LDR  01464cam a2200313 a 4500
=001  7860
=005  20251003085457.0
=008  870630s1986\\\\gw\g\\\\\bc\\\001\0\ger\\
=020  \\$a3873280469
=040  \\$aOI
=041  \\$ager
=100  \\$aHaberkamp, Gertraut$d1937-2023$4aut$911338
=245  14$aDie Musikhandschriften der Benediktiner-Abtei Ottobeuren:$bthematischer Katalog
=260  \\$aMunich$bHenle$c1986
=300  \\$a299 pages$bmusic$c30 cm
=490  \\$aKataloge Bayerischer Musiksammlungen$v12
=504  \\$aBibliography: p. 274-276.
=610  \0$aBenediktiner-Abtei Ottobeuren (Germany)$1http://www.wikidata.org/entity/Q702001$91344
=610  \0$aBenedictines$1http://www.wikidata.org/entity/Q131132$921364
=648  \0$a18th Century (1701-1800)$1http://www.wikidata.org/entity/Q7015$920899
=650  \0$aManuscript$1http://www.wikidata.org/entity/Q87167$92275
=650  \0$aMonastery$1http://www.wikidata.org/entity/Q44613$926216
=650  \0$aLibrary$1http://www.wikidata.org/entity/Q7075$94229
=650  \0$aChurch music$1http://www.wikidata.org/entity/Q8812109$92283
=650  \0$aCatalogue$1http://www.wikidata.org/entity/Q2352616$921484
=651  \0$aOttobeuren (Germany)$1http://www.wikidata.org/entity/Q532455$924014
=942  \\$cBOO
=952  \\$00$10$2ddc$40$6BIB_4_000000000000000_DE_OTT$70$8BIB$97857$aORPH$bORPH$cKTS0$d2020-07-08$eKoopman$i31B39$l0$oBIB4 DE.OTT$p20121089$r2021-01-12 00:00:00$w2021-01-12$yBOO$OKoopman
=999  \\$d7860

