=LDR  01429nam a2200301 a 4500
=001  7861
=005  20251003085457.0
=008  830301s1981\\\\\\\g\\\\\bc\\\001\0\ger\\
=020  \\$a3873280345
=040  \\$aOI
=041  \\$ager
=100  \\$aHaberkamp, Gertraut$d1937-2023$911338
=245  14$aDie Musikhandschriften der Fürst Thurn und Taxis Hofbibliothek Regensburg :$bthematischer Katalog
=260  \\$aMunich$bHenle$c1981
=300  \\$axxxii-500 pages$c30 cm.
=490  \\$aKataloge Bayerischer Musiksammlungen $v6
=504  \\$aBibliography: p. 444-453.
=590  \\$amit einer Geschichte des Musikalienbestandes von Hugo Angerer
=610  \0$aFürst Thurn und Taxis Zentralarchiv und Hofbibliothek (Regensburg, Germany)$91345
=650  \0$aManuscript$1http://www.wikidata.org/entity/Q87167$92275
=650  \0$aCatalogue$1http://www.wikidata.org/entity/Q2352616$1http://www.wikidata.org/entity/Q6941730$921484
=650  \0$aMusic history$1http://www.wikidata.org/entity/Q846047$921373
=651  \0$aRegensburg (Germany)$1http://www.wikidata.org/entity/Q2978$9201
=700  \\$aAngerer, Hugo.$911340
=710  \\$aFürst Thurn und Taxis Zentralarchiv und Hofbibliothek (Regensburg, Germany)$91345
=942  \\$cBOO
=952  \\$00$10$2ddc$40$6BIB_4_000000000000000_DE_REG$70$8BIB$97858$aORPH$bORPH$cLOC_UNK$d2020-07-08$eKoopman$i38A39$l0$oBIB4 DE.REG$p20122415$r2021-01-12 00:00:00$w2021-01-12$yBOO$OKoopman
=999  \\$d7861

