=LDR  03737cam a2200397 a 4500
=001  7863
=005  20251003085457.0
=008  890607m19891990gw\g\\\\\bc\\\001\0\ger\\
=020  \\$a3873280531 (1)
=040  \\$aOI
=041  \\$ager
=245  10$aBischöfliche Zentralbibliothek Regensburg:$bThematischer Katalog der Musikhandschriften$nvols. 1-3
=260  \\$aMunich$bHenle$c1989-90
=300  \\$a3 vols. (395+194+578 pages)$bmusic$c30 cm
=490  \\$aKataloge Bayerischer Musiksammlungen$v14/1-3
=500  \\$aCarl Proske (1794-1861) was a doctor and cleric. 
Seine Absicht war es, die damals stark verweltlichte Kirchenmusik zurückzudrängen mit dem Ziel, eine „würdevolle Ausstattung und Unterhaltung des kirchlichen Gottesdienstes“ zu erreichen „durch Entfernung des Verwerflichen und Unreinen und durch Aufnahme des Echten und Reinen, und der Heiligkeit der Liturgie die vollkommenste Aufmerksamkeit zu widmen.“ Nach seiner Auffassung sollte der gregorianische Choral die Grundlage jeder Komposition von Kirchenmusik sein. Gemäß dieser Einstellung begann Proske, unterstützt vom 1829 zum Bischof ernannten Michael Sailer, den Aufbau einer Sammlung von liturgischen Kompositionen alter Meister, die schon 1833 zu einer umfassenden Sammlung von musiktheoretischen Werken und kirchenmusikalischen Schriften angewachsen war.
He searched all throughout Germany and Italy, making many trips to Rome, in order to collect ancient manuscripts for his library, which grew to contain thousands of samples (Karl Weinmann, a late 19th-century music researcher, claimed there were over 30,000 pages of manuscripts before Proske died). Proske was a pioneer in the field, and the fact that his editions reflected only the German, Flemish, and Italian repertoires - excluding Spaniards for the most part, though he did include Victoria - does not diminish his amazing contributions to sacred music.
[wikipedia german and english]
=504  \\$aIncludes bibliographical references and indexes.
=505  1\$a1. Sammlung Proske, Manuskripte des 16. und 17. Jahrhunderts aus den Signaturen A.R., B, C, AN -- 2. Sammlung Proske, Manuskripte des 18. und 19. Jahrhunderts aus den Signaturen A.R., C, AN -- 3. Sammlung Proske, Mappenbibliothek
=563  \\$aVol. 2 : pages 9-24 missing
=590  \\$aBeschrieben von Gertraut Haberkamp ; mit einer Geschichte der Proskeschen Musiksammlung von August Scharnagl ; Vorwort von Paul Mai.
=600  \0$aProske, Carl$d1794-1861$1http://www.wikidata.org/entity/Q75028$914698
=610  \0$aBischöfliche Zentralbibliothek Regensburg (Germany)$91349
=650  \0$aManuscript$1http://www.wikidata.org/entity/Q87167$92275
=650  \0$aCatalogue$1http://www.wikidata.org/entity/Q2352616$921484
=650  \0$aLibrary$1http://www.wikidata.org/entity/Q7075$94229
=650  \0$aMusic history$1http://www.wikidata.org/entity/Q846047$921373
=651  \0$aGermany$1http://www.wikidata.org/entity/Q183$9155
=700  \\$aHaberkamp, Gertraut$d1937-2023$4aut$911338
=700  \\$aScharnagl, August$d1914-2007$4aut$911341
=700  \\$aReutter, J.$4aut$922518
=700  \\$aMai, Paul$d1935-2022$4win$914991
=942  \\$cBOO
=952  \\$00$10$2ddc$3vol. 1$40$6BIB_4_000000000000000_DE_REG$70$8BIB$97860$aORPH$bORPH$cKTS0$d2020-07-08$eKoopman$i45F02$oBIB4 DE.REG$p20127526$r2021-01-12 00:00:00$w2021-01-12$yBOO
=952  \\$00$10$2ddc$3vol. 2$40$6BIB_4_000000000000000_DE_REG$70$8BIB$97861$aORPH$bORPH$cKTS0$d2020-07-08$eKoopman$i45F02$oBIB4 DE.REG$p20127525$r2021-01-12 00:00:00$w2021-01-12$yBOO
=952  \\$00$10$2ddc$3vol. 3$40$6BIB_4_000000000000000_DE_REG$70$8BIB$97862$aORPH$bORPH$cKTS0$d2020-07-08$eKoopman$i45F02$oBIB4 DE.REG$p20127524$r2021-01-12 00:00:00$w2021-01-12$yBOO
=999  \\$d7863

