=LDR  00900aam a2200181   4500
=001  7868
=008  220819s1923\\\\|||g||||\||||\00|\0dmul\d
=041  \\$ager$dita
=100  \\$aHaböck, Franz$4aut$4edt$911347
=245  \\$aDie Gesangskunst der Kastraten:$bEine Stimmbiographie in Beispiele$nErster Notenband$pA. Die Kunst des Cavaliere Carlo Broschi Farinelli, B. Farinellis berühmte Arien
=260  \\$aVienna$bUniversal$c1923
=600  00$aFarinelli, Carlo Broschi$d1705-1782$99384
=648  \0$a18th Century (1701-1800)$1http://www.wikidata.org/entity/Q7015$920899
=650  \0$aCastrato$1http://www.wikidata.org/entity/Q210970$92704
=650  \0$aOrnamentation$1http://www.wikidata.org/entity/Q739589$922524
=942  \\$cBOO
=952  \\$00$10$2ddc$40$6BIO_FARI1_B$70$8BIO$97865$aORPH$bORPH$cKTS1_P$d2020-07-08$eKoopman$i32B36$oBIO FARI1 b$p20122930$r2021-01-12 00:00:00$w2021-01-12$yBOO$OKoopman
=999  \\$d7868

