=LDR  01165cam a22002537a 4500
=001  7869
=008  220221s2012\\\\gw\|||||\||||\00|\0\ger\d
=020  \\$a9783921140925 (Bd. 2)
=041  \\$ager
=245  00$aLexikon norddeutscher Orgelbauer
=260  \\$aBerlin $bPape Verlag$c2012
=300  \\$a743 pages$c23 cm
=504  \\$aIncludes bibliographical references and index.
=505  1\$aBd. 1. Thüringen und Umgebung -- Bd. 2. Sachsen und Umgebung -- Bd. 3. Sachsen-Anhalt und Umgebung -- Bd. 4. Berlin, Brandenburg und Umgebung einschliesslich Mecklenburg-Vorpommern
=650  \0$aOrgan$1http://www.wikidata.org/entity/Q1444$92810
=651  \0$aGermany$1http://www.wikidata.org/entity/Q183$9155
=651  \0$aSaxony (Germany)$1http://www.wikidata.org/entity/Q1202$955
=700  \\$aPape, Uwe$d1936-$4edt$913171
=700  \\$aHackel, Wolfram$4edt$911349
=700  \\$aBrylla, Wolfgang J.$4ctb$99970
=700  \\$aFischer, Hermann$d1928-2020$4ctb$99804
=942  \\$cBOO
=952  \\$00$10$2ddc$40$6INS_3_100000000000000_B_DE_SAX$70$8INS$97866$aORPH$bORPH$cKTS0$d2020-07-08$eKoopman$i42G49$oINS3.1 b DE.SAX$p20120002$r2021-01-12 00:00:00$w2021-01-12$yBOO
=999  \\$d7869

