=LDR  01177cam a2200241 a 4500
=001  7870
=008  010615s2001\\\\\\\gd\\\\b\\\\001\0\ger\|
=041  \\$ager
=100  \\$aHader, Wolfram$d1968-$1http://www.wikidata.org/entity/Q112387656$4aut$911351
=245  10$aRequiem-Vertonungen in der Dresdner Hofkirchenmusik von 1720 bis 1764
=260  \\$aTutzing$bSchneider$c2001
=300  \\$a371 pages
=490  \\$aTübinger Beiträge zur Musikwissenschaft$v22
=504  \\$aIncludes bibliographical references (p. 355-363) and index.
=648  \0$a18th Century (1701-1800)$1http://www.wikidata.org/entity/Q7015$920899
=650  \0$aRequiem$1http://www.wikidata.org/entity/Q51616$92858
=650  \0$aCourt$1http://www.wikidata.org/entity/Q1134237$922191
=650  \0$aChurch$1http://www.wikidata.org/entity/Q16970$93776
=650  \0$aCappella$1http://www.wikidata.org/entity/Q19902156$922910
=651  20$aDresden (Germany)$1http://www.wikidata.org/entity/Q1731$947
=942  \\$cBOO
=952  \\$00$10$2ddc$40$6TOP_DE_DRE_5_000000000000000$70$8TOP$97867$aORPH$bORPH$cKTS0$d2020-07-08$eKoopman$i35C12$l0$oTOP DE.DRE 5$p20120743$r2021-01-12 00:00:00$w2021-01-12$yBOO$OKoopman
=999  \\$d7870

