=LDR  00956aam a2200217   4500
=001  7872
=008  230822s1976\\\\||||||||\m|||\00|\0\ger\d
=041  \\$ager
=100  \\$aHaenel, Waltraud$911353$4aut
=245  \\$aDie Sinfonie von Stamitz in ihrer gesellschaftlichen Bedingtheit
=260  \\$c1976$aFreiburg$bAlbert-Ludwigs-Universität
=300  \\$a309 pages
=500  \\$aDissertation
=600  \0$1http://www.wikidata.org/entity/Q156033$aStamitz, Johann$d1717-1757$96346
=650  \0$1http://www.wikidata.org/entity/Q9734$aSymphony$92527
=650  \0$1http://www.wikidata.org/entity/Q846047$aMusic history$921373
=650  \0$1http://www.wikidata.org/entity/Q858517$aCultural history$922395
=651  \0$1http://www.wikidata.org/entity/Q183$aGermany$9155
=942  \\$cBOO
=952  \\$00$10$2ddc$40$6BIO_STAM1_E$70$8BIO$97869$aORPH$bORPH$cKTS1_P$d2020-07-08$eKoopman$i45E16$l0$oBIO STAM1 e$p20127474$r2021-01-12 00:00:00$w2021-01-12$yBOO$OKoopman
=999  \\$d7872

