=LDR  01109cam a2200241 a 4500
=001  7873
=005  20250926134855.0
=008  880608s1987\\\\gw\acg\\\b\\\\001\0\ger\\
=020  \\$a3890071139
=040  \\$aOI
=100  \\$aHäfner, Klaus$911354
=245  10$aAspekte des Parodieverfahrens bei Johann Sebastian Bach :$bBeiträge zur Wiederentdeckung verschollener Vokalwerke /$cKlaus Häfner.
=260  \\$aLaaber :$bLaaber-Verlag$cc1987.
=300  \\$a627 p. :$bill., port., music ;$c25 cm.
=504  \\$aBibliography: p. 539-545.
=600  \0$aBach, Johann Sebastian$d1685-1750$1http://www.wikidata.org/entity/Q1339$94766
=650  \0$aVocal music$1http://www.wikidata.org/entity/Q685884$93319
=650  \0$aSatire$1http://www.wikidata.org/entity/Q128758$921636
=942  \\$cBOO
=952  \\$00$10$40$6BIO_BACH1_E$70$8BIO$97870$aORPH$bORPH$cKTS1_P$d2020-07-08$eKoopman$i21A31$oBIO BACH1 e$p20128313$r2021-01-12 00:00:00$w2021-01-12$yBOO$OKoopman
=999  \\$c7873$d7873
=490  \\$aNeue Heidelberger Studien zur Musikwissenschaft ;
=648  \0$a18th Century (1701-1800)$1http://www.wikidata.org/entity/Q7015$920899

