=LDR  01624cam a2200337 a 4500
=001  7874
=005  20250423144929.0
=008  091207s1996\\\\gw\a\\\\\bc\\\000\0dger\d
=010  \\$a  2010562245
=020  \\$a388705041X
=020  \\$a9783887050412
=035  \\$a(OCoLC)ocn123278322
=035  \\$a(OCoLC)123278322
=040  \\$aFBF$cSTF$dOCLCG$dDLC
=042  \\$alccopycat
=043  \\$ae-gx---
=100  \\$aHäfner, Klaus$911354
=245  14$aDer badische Hofkapellmeister Johann Melchior Molter (1696-1765) in seiner Zeit :$bDokumente und Bilder zu Leben und Werk (mit einem Beitrag von Rainer Fürst) : eine Ausstellung der Badischen Landesbibliothek Karlsruhe zum 300. Geburtstag des Komponisten /$cKlaus Häfner ; herausgegeben von der Badischen Landesbibliothek Karlsruhe.
=246  14$aJohann Melchior Molter (1696-1765) in seiner Zeit
=260  \\$aKarlsruhe :$bSelbstverlag der Badischen Landesbibliothek,$cc1996.
=300  \\$a408 p. :$bill. ;$c24 cm.
=504  \\$aIncludes bibliographical references (p. 408).
=600  \0$aMolter, Johann Melchior$d1696-1765$911356
=650  \0$aComposer$1http://www.wikidata.org/entity/Q36834$93625
=600  \0$aMolter, Johann Melchior$d1696-1765$1http://www.wikidata.org/entity/Q651321$911356
=700  \\$aFürst, Rainer$911357
=710  \\$aBadische Landesbibliothek Karlsruhe (Germany)$91351
=942  \\$cBOO
=952  \\$00$10$2ddc$40$6BIO_MOLT_D$70$8BIO$97871$aORPH$bORPH$cKTS1_P$d2020-07-08$eKoopman$i21C37$oBIO MOLT d$p20128202$r2021-01-12 00:00:00$w2021-01-12$yBOO$OKoopman
=999  \\$c7874$d7874
=651  \0$aGermany$1http://www.wikidata.org/entity/Q183$9155

