=LDR  01886aaa a2200301   4500
=001  7876
=008  230321s1920\\\\||||||||\||||\00|\0bdan\d
=041  \\$adan
=100  \\$aHagen, Sophus$d1842-1929$1http://www.wikidata.org/entity/Q7563151$96423
=245  \\$aDiderik Buxtehude (o.1637-1707),$bhans familie og lidet kjendte Ungdom, inden han kom til Lübeck 1668
=246  \1$aDiderik Buxtehude (c. 1637-1707):$bhis family and little-known youth before he came to Lübeck in 1668
=260  \\$aCopenhagen$bSkou & Madsens$c1920
=300  \\$a87-[i] pages
=500  \\$aPrinted in a limited and numbered edition. The copy in Map.024 is Nr. 58.
=561  \\$aCopy Map.024i comes from the collection of Barbara Grusnick, wife of Bruno Grusnick (with a card by Arndt Schnoor dedicating this copy to Ton Koopman and a photograph of Barbara Grusnick). 
=561  \\$aCopy Map.024i: Ex libris Niels Roland Clausens (ms on tp)
=563  \\$aCopy Map.024i: front cover loose
=600  \0$aBuxtehude, Dietrich$d1637-1707$1http://www.wikidata.org/entity/Q153637$910062
=648  \0$a17th Century (1601-1700)$1http://www.wikidata.org/entity/Q7016$920923
=650  \0$aComposer$1http://www.wikidata.org/entity/Q36834$93625
=650  \0$aOrganist$1http://www.wikidata.org/entity/Q765778$94471
=650  \0$aBiography$1http://www.wikidata.org/entity/Q36279$91927
=650  \0$aYouth$1http://www.wikidata.org/entity/Q190007$923989
=651  \0$aDenmark$1http://www.wikidata.org/entity/Q35$921295
=942  \\$cBOO
=952  \\$00$10$2ddc$40$6BIO_BUXT_D$70$8BIO$97873$aORPH$bORPH$cKTS1_P$d2020-07-08$eKoopman$i32G28$oBIO BUXT d$p20122796$r2021-01-12 00:00:00$w2021-01-12$yBOO$OKoopman
=952  \\$00$10$2ddc$40$6KTS_1_000000000000000_C2_60_MAP_024I$70$8RAR$922571$aORPH$bORPH$cKTS1_P$d2020-07-08$eKoopman$iMap.024i$l0$oKTS1 C2.60 Map.024i$p20136439i$r2023-03-21 00:00:00$w2021-01-12$yBOO
=999  \\$d7876

