=LDR  01846aam a2200265   4500
=001  7877
=008  250430s1974\\\\|||ofa||\||||\00|\0\ger\d
=041  \\$ager
=100  \\$aHager, Luisa$911360$4aut
=245  \\$aSchloss Schleissheim
=260  \\$c1974$aKönigstein im Taunus$bLangewiese
=300  \\$a40 pages
=500  \\$aThe Schleißheim Palace complex (near Munich) is one of the most important Baroque complexes in Germany and stretches for almost two kilometres. Schleißheim was originally the summer residence of the Bavarian electors. The extensive palace complex includes the Old Palace from the 17th century, the New Palace (18th century), the former Lustheim hunting lodge and the courtyard garden. Highlights include the Baroque grand staircase and the Great Gallery in the New Palace, the branch museums of the Bavarian National Museum (paintings, Meissen porcelain) and the impressively symmetrical gardens, which have remained almost unchanged to this day.
=610  \0$aSchleißheim Palace (Oberschleißheim, Munich, Germany)$1http://www.wikidata.org/entity/Q680166$940119
=648  \0$a17th Century (1601-1700)$1http://www.wikidata.org/entity/Q7016$920923
=648  \0$a18th Century (1701-1800)$1http://www.wikidata.org/entity/Q7015$920899
=650  \0$aCastle$1http://www.wikidata.org/entity/Q23413$92088
=650  \0$aInterior design$1http://www.wikidata.org/entity/Q179232$921367
=650  \0$aArchitecture$1http://www.wikidata.org/entity/Q12271$93185
=651  \0$aMunich (Germany)$1http://www.wikidata.org/entity/Q1726$9268
=651  \0$aOberschleißheim (Germany)$940120
=700  \\$aSchmidt-Glassner, Helga$4pht$940118
=942  \\$cBOO
=952  \\$00$10$2ddc$40$6TOP_DE_MUN1$70$8TOP$97874$aORPH$bORPH$cKTS0$d2020-07-08$eKoopman$i24E52$l0$oTOP DE.MUN1$p20125898$r2021-01-12 00:00:00$w2021-01-12$yBOO$OKoopman
=999  \\$d7877

