=LDR  01515cam a22003011  4500
=001  7881
=005  20250121142122.0
=008  740624s1973\\\\au\\\\\\\\\\\\000\0\ger\\
=020  \\$a3700100213
=040  \\$aOI
=041  \\$ager
=100  \\$aHaider, Johann$911363$4aut
=245  14$aDie Geschichte des Theaterwesens im Benediktinerstift Seitenstetten in Barock und Aufklärung
=260  \\$aVienna$bVerlag der Österreichische Akademie der Wissenschaften$c1973
=300  \\$a226 pages$billustrations, facsimiles, plates$c24cm
=490  0\$aTheatergeschichte Österreichs$vBand 4: Niederösterreich, Heft 1
=504  \\$aBibliography: p. [213]-219.
=590  \\$aMit einer Kunstdrucktaf. u. 14 Textillustr.  Im Anh.: Seitenstettener Periochenkatalog
=610  \0$aBenediktinerstift Seitenstetten (Austria)$1http://www.wikidata.org/entity/Q385745$91352
=610  \0$aBenedictines$1http://www.wikidata.org/entity/Q131132$921364
=648  \0$a17th Century (1601-1700)$1http://www.wikidata.org/entity/Q7016$920923
=648  \0$a18th Century (1701-1800)$1http://www.wikidata.org/entity/Q7015$920899
=650  \0$aMonastery$1http://www.wikidata.org/entity/Q44613$926216
=650  \0$aTheater history$1http://www.wikidata.org/entity/Q1061140$94607
=651  \0$aSeitenstetten (Austria)$927453
=942  \\$cBOO
=952  \\$00$10$2ddc$40$6TOP_AT_SEI_5_000000000000000$70$8TOP$97878$aORPH$bORPH$cKTS0$d2020-07-08$eKoopman$i33D07$l0$oTOP AT.SEI 5$p20122742$r2021-01-12 00:00:00$w2021-01-12$yTYPE_UNK$OKoopman
=999  \\$d7881

