=LDR  00776    a2200181   4500
=001  7883
=008  231102r19651892nl\a||||\||||\00|\0\ger\d
=041  \\$ager
=100  \\$aHajdecki, A.$911364$4aut
=245  \\$aDie Italienische Lira da Braccio. Eine Kunst-Historische Studie zur Geschichte der Violine
=260  \\$c1892$c1956$aAmsterdam$bAntiqua
=500  \\$aReprint
=650  \0$aViolin$1http://www.wikidata.org/entity/Q8355$92783
=650  \0$aMusic history$1http://www.wikidata.org/entity/Q846047$921373
=651  \0$aItaly$1http://www.wikidata.org/entity/Q38$922
=942  \\$cBOO
=952  \\$00$10$2ddc$40$6INS_4_000000000000000_1D_HAJD$70$8INS$97880$aORPH$bORPH$cKTS0$d2020-07-08$eKoopman$i28D59$l0$oINS4.1d HAJD$p20123550$r2021-01-12 00:00:00$w2021-01-12$yBOO$OKoopman
=999  \\$d7883

