=LDR  01312nam a2200289 a 4500
=001  7886
=003  OI
=005  20250121142122.0
=008  830502s1985\\\\ne\\\\\|r\\\\|000\||dut|d
=020  \\$a906194015X
=040  \\$aOI
=041  \\$adut
=100  1\$aHaks, Donald,$4aut
=245  10$aHuwelijk en gezin in Holland in de 17e en 18e eeuw:$bprocesstukken en moralisten over aspecten van het laat 17de- en 18de-eeuwse gezinsleven
=260  \\$aUtrecht$bHES$c1985
=300  \\$axx-305 pages
=490  0\$aHES Historische herdrukken$v20
=648  \0$a17th Century (1601-1700)$1http://www.wikidata.org/entity/Q7016$920923
=648  \0$a18th Century (1701-1800)$1http://www.wikidata.org/entity/Q7015$920899
=650  \0$aCultural history$1http://www.wikidata.org/entity/Q858517$922395
=650  \0$aWedding$1http://www.wikidata.org/entity/Q49836$922203
=650  \0$aMoral education$1http://www.wikidata.org/entity/Q25457248$93171
=651  \0$aNetherlands$1http://www.wikidata.org/entity/Q55$9173
=856  \\$uhttps://www.dbnl.org/tekst/haks001huwe01_01/$3Digital Library for Dutch Literature (DBNL)
=942  \\$cBOO
=952  \\$00$10$2ddc$40$6TOP_NL_5_000000000000000$70$8TOP$97883$aORPH$bORPH$cKTS0$d2020-07-08$eKoopman$i42B23$l0$oTOP NL 5$p20120072$r2021-01-12 00:00:00$w2021-01-12$yBOO$OKoopman
=999  \\$d7886

