=LDR  01107aam a2200229   4500
=001  7889
=008  231218s1980\\\\|||a||||\||||\00|\d\dut\d
=041  \\$adut$dfrm
=100  \\$aHalle, Adam de la$d1237/40-1286/88$1http://www.wikidata.org/entity/Q4214$4aut$911369
=245  \\$aLi Gieus de Robin et de Marion
=260  \\$as.l.$bHolland Festival$c1980
=300  \\$a64 pages$billustrations
=648  \0$aMiddle Ages (500-1400)$1http://www.wikidata.org/entity/Q12554$920964
=650  \0$aPlay (theater)$1http://www.wikidata.org/entity/Q25379$921414
=650  \0$aPastoral$1http://www.wikidata.org/entity/Q1472271$92271
=650  \0$aSong$1http://www.wikidata.org/entity/Q7366$94164
=650  \0$aCourt$1http://www.wikidata.org/entity/Q1134237$922191
=651  \0$aNaples (Italy)$1http://www.wikidata.org/entity/Q2634$921
=700  \\$aVellekoop, Kees$d1940-2002$1http://www.wikidata.org/entity/Q16912253$4ctb$914938
=942  \\$cBOO
=952  \\$00$10$2ddc$40$6LIT_HALL_A$70$8LIT$97886$aORPH$bORPH$cKTS0$d2020-07-08$eKoopman$i20E17$l0$oLIT HALL a$p20125363$r2021-01-12 00:00:00$w2021-01-12$yBOO$OKoopman
=999  \\$d7889

