=LDR  00389    a2200121   4500
=001  7890
=020  \\$a9069753618
=100  \\$aHalsema, P.$911370
=245  \\$aMusicus in de 20ste eeuw
=260  \\$c1998
=942  \\$cBOO
=952  \\$00$10$2ddc$40$6BIO_HALS_A$70$8BIO$97887$aORPH$bORPH$cKTS1_P$d2020-07-08$eKoopman$i42E06$l0$oBIO HALS a$p20122044$r2021-01-12 00:00:00$w2021-01-12$yBOO$OKoopman
=999  \\$c7890$d7890

