=LDR  01030aam a2200205   4500
=001  7891
=008  250618s1968\\\\|||g||||\||||\00|\0\dut\d
=041  \\$adut
=100  \\$aHamburg, O.$911371$4aut
=245  \\$aMuziekgeschiedenis in voorbeelden$bvan de Griekse Oudheid tot Bach
=260  \\$aUtrecht$aAntwerp$bAula$c1968
=648  \0$aClassical Antiquity (8th Century BC-6th Century AD)$1http://www.wikidata.org/entity/Q486761$921435
=648  \0$aMiddle Ages (500-1400)$1http://www.wikidata.org/entity/Q12554$920964
=648  \0$aRenaissance (1400-1600)$1http://www.wikidata.org/entity/Q4692$920965
=648  \0$a17th Century (1601-1700)$1http://www.wikidata.org/entity/Q7016$920923
=648  \0$a18th Century (1701-1800)$1http://www.wikidata.org/entity/Q7015$920899
=650  \0$aMusic history$1http://www.wikidata.org/entity/Q846047$921373
=942  \\$cBOO
=952  \\$00$10$2ddc$40$6GHM_0_000000000000000$70$8GHM$97888$aORPH$bORPH$cKM12_1$d2020-07-08$eKoopman$i32G39$l0$oGHM0$p20122787$r2021-01-12 00:00:00$w2021-01-12$yBOO
=999  \\$d7891

