=LDR  01107    a2200241   4500
=001  7892
=005  20250925143258.0
=008  211108b1931\\\\||||||||\||||\00|\0cdan\d
=041  \\$adan
=100  \\$aHamburger, Povl$4aut$911372
=245  \\$aMarcussen & Søn.$bOrgelbyggeri Aabenraa 1806-1931, 125 Aar
=260  \\$aCopenhagen$bThaning & Appel$c1931
=300  \\$a54 pages
=561  \\$aContains a manuscript dedication from Zachariassen to Thomsen
=610  \0$aMarcussen & Søn (Denmark)$1http://www.wikidata.org/entity/Q694082$922745
=648  \0$a19th Century (1801-1900)$1http://www.wikidata.org/entity/Q6955$920935
=648  \0$a20th Century (1901-2000)$1http://www.wikidata.org/entity/Q6927$920936
=650  \0$aOrgan$1http://www.wikidata.org/entity/Q1444$92810
=650  \0$aBiography$1http://www.wikidata.org/entity/Q36279$91927
=651  \0$aDenmark$1http://www.wikidata.org/entity/Q35$921295
=942  \\$cBOO
=952  \\$00$10$2ddc$40$6INS_3_000000000000000_1B_MARC$70$8INS$97889$aORPH$bORPH$cKTS0$d2020-07-08$eKoopman$i31C37$oINS3.1b MARC$p20123233$r2021-01-12 00:00:00$w2021-01-12$yBOO
=999  \\$d7892

