=LDR  01218aam a2200253   4500
=001  7894
=005  20250925143258.0
=008  211005s1911\\\\dk\af|||\||||\00|\0\ger\d
=041  \\$ager
=245  \\$aDas Musikhistorische Museum zu Kopenhagen.$bBeschreibender Katalog
=260  \\$aCopenhagen$bBreitkopf & Härtel$c1911
=300  \\$a171 pages
=561  \\$aEx Libris Ton Koopman
=648  \0$a16th Century (1501-1600)$1http://www.wikidata.org/entity/Q7017$920944
=648  \0$a17th Century (1601-1700)$1http://www.wikidata.org/entity/Q7016$920923
=648  \0$a18th Century (1701-1800)$1http://www.wikidata.org/entity/Q7015$920899
=648  \0$a19th Century (1801-1900)$1http://www.wikidata.org/entity/Q6955$920935
=648  \0$a20th Century (1901-2000)$1http://www.wikidata.org/entity/Q6927$920936
=650  \0$aOrganology$1http://www.wikidata.org/entity/Q899293$921400
=651  \0$aEurope$1http://www.wikidata.org/entity/Q46$991
=700  \\$4aut$aHammerich, Angul$d1848-1931$1http://www.wikidata.org/entity/Q4495309$96422
=942  \\$cBOO
=952  \\$00$10$2ddc$40$6INS_1B_DK_COP1$70$8INS$97891$aORPH$bORPH$cKTS0$d2020-07-08$eKoopman$i25B11$oINS1b DK.COP1$p20129213$r2021-01-12 00:00:00$w2021-01-12$yBOO
=999  \\$d7894

