=LDR  00362    a2200109   4500
=001  7898
=100  \\$aHammerstein, Reinhold$910863
=245  \\$aDiabolus in musica
=260  \\$c1974
=942  \\$cBOO
=952  \\$00$10$2ddc$40$6VIS_HAMM$70$8VIS$97895$aORPH$bORPH$cKTS1_H$d2020-07-08$eKoopman$i42F12$l0$oVIS HAMM$p20122002$r2021-01-12 00:00:00$w2021-01-12$yBOO$OKoopman
=999  \\$c7898$d7898

