=LDR  01021pam a2200229 a 4500
=001  7901
=005  20250120120156.0
=008  820709s1983\\\\mauacg\\\bc\\\001\0beng\\
=020  \\$a0674354389
=040  \\$aOI
=100  \\$aHammond, Frederick$d1937-$99382
=245  10$aGirolamo Frescobaldi /$cFrederick Hammond.
=260  \\$aCambridge, Mass. :$bHarvard University Press,$c1983.
=300  \\$axvi, 408 p. :$bill., ports., music ;$c25 cm.
=504  \\$aCatalogue of Works: p. 274-325 ; Notes: p. 326-374 ; Bibliography: p. 375-399.
=600  \0$aFrescobaldi, Girolamo$d1583-1643$1http://www.wikidata.org/entity/Q209212$910961
=650  \0$aComposer$1http://www.wikidata.org/entity/Q36834$93625
=942  \\$cBOO
=952  \\$00$10$2ddc$40$6BIO_FRES_D$70$8BIO$97898$aORPH$bORPH$cKTS1_P$d2020-07-08$eKoopman$i32E01$oBIO FRES d$p20122870$r2021-01-12 00:00:00$w2021-01-12$yBOO$OKoopman
=999  \\$c7901$d7901
=651  \0$aItaly$1http://www.wikidata.org/entity/Q38$922
=650  \0$aBiography$1http://www.wikidata.org/entity/Q36279$91927

