=LDR  01332aam a2200265   4500
=001  7904
=008  230329s1976\\\\||||||||\||||\00|\0\dut\d
=041  \\$adut
=100  \\$aHamoen, D. J.$911380$4aut
=245  \\$aBlaas- en snaarinstrumenten van de Renaissance:$bnaamgeving in de muziektheorie van 1487-1620
=260  \\$c1976$aUtrecht$bRijksuniversiteit Utrecht
=300  \\$a71 pages
=490  \\$aScripta musicologica Ultrajectina$vvi
=648  \0$aRenaissance (1400-1600)$1http://www.wikidata.org/entity/Q4692$920965
=648  \0$a15th Century (1401-1500)$1http://www.wikidata.org/entity/Q7018$921015
=648  \0$a16th Century (1501-1600)$1http://www.wikidata.org/entity/Q7017$920944
=648  \0$a17th Century (1601-1700)$1http://www.wikidata.org/entity/Q7016$920923
=650  \0$aOrganology$1http://www.wikidata.org/entity/Q899293$921400
=650  \0$aMusic theory$1http://www.wikidata.org/entity/Q193544$92662
=650  \0$aString instrument$1http://www.wikidata.org/entity/Q1798603$92912
=650  \0$aWind instrument$1http://www.wikidata.org/entity/Q173453$94615
=650  \0$aLinguistics$1http://www.wikidata.org/entity/Q8162$93902
=942  \\$cBOO
=952  \\$00$10$2ddc$40$6INS_6A$70$8INS$97901$aORPH$bORPH$cKTS0$d2020-07-08$eKoopman$i19A27$l0$oINS6a$p20125148$r2021-01-12 00:00:00$w2021-01-12$yBOO$OKoopman
=999  \\$d7904

