=LDR  01347pam a2200277 a 4500
=001  7905
=005  20250120115907.0
=008  860717s1986\\\\dcua\\\\\bc\\\000\0\eng\\
=020  \\$a0894680951 (pbk.)
=020  \\$a0521341965 (hard)
=040  \\$aOI
=041  \\$aeng
=100  \\$aHand, John Oliver$d1941-$4aut$911381
=245  04$aThe Age of Bruegel :$bNetherlandish Drawings in the Sixteenth Century
=260  \\$aWashington, DC$bNational Gallery of Art$aCambridge$aNew York, NY$bCambridge University Press$c1986
=300  \\$axii-339 pages$billustrations (some color)$c30 cm
=504  \\$aBibliography: p. 313-333.
=648  \0$a16th Century (1501-1600)$1http://www.wikidata.org/entity/Q7017$920944
=650  \0$aFine art$1http://www.wikidata.org/entity/Q219625$921579
=651  \0$aNetherlands$1http://www.wikidata.org/entity/Q55$9173
=651  \0$aFlanders (Belgium)$1http://www.wikidata.org/entity/Q234$989
=710  \\$aNational Gallery of Art (Washington, DC, USA)$1http://www.wikidata.org/entity/Q214867$4edt$91265
=710  \\$aMorgan Library & Museum (New York City, USA)$1http://www.wikidata.org/entity/Q728116$4edt$91353
=942  \\$cBOO
=952  \\$00$10$2ddc$40$6TOP_NL_4_000000000000000$70$8TOP$97902$aORPH$bORPH$cKTS0$d2020-07-08$eKoopman$i19G17$l0$oTOP NL 4$p20125200$r2021-01-12 00:00:00$w2021-01-12$yBOO$OKoopman
=999  \\$d7905

