=LDR  00868ncm a22002177i 4500
=001  7917
=005  20250707115027.0
=008  250527q19761729xxumua\|||\\\\\\\\\\mul|c
=041  \7$aeng$ager$dita
=100  \\$aHandel, George Frideric$d1685-1759$1http://www.wikidata.org/entity/Q7302$4cmp$94765
=240  \\$aHWV 26
=245  \\$aLotario.$bAn Opera in Three Acts
=260  \\$aNew York$bKalmus$cs.d.
=300  \\$a124 pages
=490  \\$aKalmus Miniature Score Series$v1272
=500  \\$aReprint of the Leipzig edition, 1879.
=648  \0$a18th Century (1701-1800)$1http://www.wikidata.org/entity/Q7015$920899
=650  \0$aOpera$1http://www.wikidata.org/entity/Q1344 $92468
=942  \\$cSCO
=952  \\$00$10$2ddc$40$6SCO_S_HAND$70$8SCO$97913$aORPH$bORPH$cKTS1_H$d2020-07-08$eKoopman$iWG.0337$l0$oSCO S HAND$p20123849$r2021-01-12 00:00:00$w2021-01-12$ySCO$OW.0337
=999  \\$d7917

