=LDR  01190acm a2200265   4500
=001  7937
=008  211222r19801881\\\||l||\||||\00|\0\mul\d
=041  \\$aeng$dita
=059  \\$a2MS A B 2fl 2ob bsn 2hrn 3vn 3vla bc
=100  \\$aHandel, George Frideric$d1685-1759$4cmp$1http://www.wikidata.org/entity/Q7302$94765
=240  \\$aHWV 31
=245  \\$aOrlando.$bAn Opera in Three Acts
=260  \\$aNew York$bKalmus$c[1980]
=300  \\$a[iii]-112 pages
=490  \\$aKalmus Miniature Score Series$v1274
=500  \\$aReprint of the (old) Handel-Ausgabe, 1881
=534  \\$aOrlando premiered in 1733
=600  \0$aRoland$d?-778$1http://www.wikidata.org/entity/Q207535$923302
=610  \0$aKing's Theatre (London, United Kingdom)$1http://www.wikidata.org/entity/Q1155331$91409
=648  \0$a18th Century (1701-1800)$1http://www.wikidata.org/entity/Q7015$920899
=650  \0$aOpera$1http://www.wikidata.org/entity/Q1344$92468
=651  \0$aLondon (United Kingdom)$1http://www.wikidata.org/entity/Q84$9123
=942  \\$cSCO
=952  \\$00$10$2ddc$40$6SCO_S_HAND$70$8SCO$97933$aORPH$bORPH$cKTS1_H$d2020-07-08$eKoopman$iWG.0357$oSCO S HAND$p20123889$r2021-01-12 00:00:00$w2021-01-12$ySCO
=999  \\$d7937

