=LDR  01253acm a2200229   4500
=001  7938
=008  211001s1889\\\\\\\||a||\||||\00|\0\mul\d
=041  \\$aeng$ager$dita
=100  \\$aHandel, George Frideric$d1685-1759$4cmp$1http://www.wikidata.org/entity/Q7302$94765
=240  \\$aHWV 79-106
=245  \\$a28 Italian Cantatas with Instruments$nvols. 2-4
=260  \\$aNew York$bKalmus
=300  \\$a3 vols. ([iii]-[77]+[iii]-98+[iii]-[60]-[2] pages)
=490  \\$aKalmus Miniature Score Series$v1348-1350
=648  \0$a18th Century (1701-1800)$1http://www.wikidata.org/entity/Q7015$920899
=650  \0$aCantata$1http://www.wikidata.org/entity/Q174873$921603
=651  \0$aItaly$1http://www.wikidata.org/entity/Q38$922
=942  \\$cSCO
=952  \\$00$10$2ddc$3vol. 2$40$6SCO_S_HAND$70$8SCO$97934$aORPH$bORPH$cKTS1_H$d2020-07-08$eKoopman$iWG.0358$oSCO S HAND$p20123888$r2021-01-12 00:00:00$w2021-01-12$ySCO
=952  \\$00$10$2ddc$3vol. 3$40$6SCO_S_HAND$70$8SCO$97935$aORPH$bORPH$cKTS1_H$d2020-07-08$eKoopman$iWG.0358$oSCO S HAND$p20123887$r2021-01-12 00:00:00$w2021-01-12$ySCO
=952  \\$00$10$2ddc$3vol. 4$40$6SCO_S_HAND$70$8SCO$97936$aORPH$bORPH$cKTS1_H$d2020-07-08$eKoopman$iWG.0358$oSCO S HAND$p20123886$r2021-01-12 00:00:00$w2021-01-12$ySCO
=999  \\$d7938

