=LDR  01294acm a2200217   4500
=001  7941
=008  211001s1887\\\\|||||a||\||||\00|\0\mul\d
=041  \\$aeng$ager$dita
=100  \\$aHandel, George Frideric$d1685-1759$4cmp$1http://www.wikidata.org/entity/Q7302$94765
=245  \\$a72 Italian Cantatas for One or Two Voices and Instruments$nvols. 1, 3 and 4 (nos. 1-18, 39-72)
=260  \\$cNew York$aBelwin Mills$aKalmus
=300  \\$a3 vols. ([iii]-85+[iii]-89+[iii]-[82] pages)
=490  \\$aKalmus Miniature Score Series$vnos. 1343, 1345 & 1346
=648  \0$a18th Century (1701-1800)$1http://www.wikidata.org/entity/Q7015$920899
=650  \0$aCantata$1http://www.wikidata.org/entity/Q174873$921603
=651  \0$aItaly$1http://www.wikidata.org/entity/Q38$922
=942  \\$cSCO
=952  \\$00$10$2ddc$3vol. 1$40$6SCO_S_HAND$70$8SCO$97937$aORPH$bORPH$cKTS1_H$d2020-07-08$eKoopman$iWG.0359$oSCO S HAND$p20123885$r2021-01-12 00:00:00$w2021-01-12$ySCO
=952  \\$00$10$2ddc$3vol. 3$40$6SCO_S_HAND$70$8SCO$97938$aORPH$bORPH$cKTS1_H$d2020-07-08$eKoopman$iWG.0359$oSCO S HAND$p20123884$r2021-01-12 00:00:00$w2021-01-12$ySCO
=952  \\$00$10$2ddc$3vol. 4$40$6SCO_S_HAND$70$8SCO$97939$aORPH$bORPH$cKTS1_H$d2020-07-08$eKoopman$iWG.0359$oSCO S HAND$p20123883$r2021-01-12 00:00:00$w2021-01-12$ySCO
=999  \\$d7941

