=LDR  00958acm a2200205   4500
=001  7970
=008  220909s1955\\\\|||||l||\||||\00|\0\ger\d
=041  \\$ager
=100  \\$aHandel, George Frideric$d1685-1759$4cmp$1http://www.wikidata.org/entity/Q7302$94765
=245  \\$aKlavierwerke$nI$pDie acht grossen Suiten
=260  \\$aKassel$aBasel$bBärenreiter$c1955
=490  \\$aHallische Händel-Ausgabe$vIV:1
=648  \0$a18th Century (1701-1800)$1http://www.wikidata.org/entity/Q7015$920899
=650  \0$aKeyboard music$1http://www.wikidata.org/entity/Q105715630$921412
=650  \0$aSuite$1http://www.wikidata.org/entity/Q203005$921718
=651  \0$aUnited Kingdom$1http://www.wikidata.org/entity/Q21$9273
=700  \\$4edt$aSteglich, Rudolf$d1886-1976$914206
=942  \\$cSCO
=952  \\$00$10$2ddc$40$6SCO_HAND$70$8SCO$97966$aORPH$bORPH$cKTS1_P$d2020-07-08$eKoopman$iWG.1032-IV:1$l0$oSCO HAND$p20124012$r2021-01-12 00:00:00$w2021-01-12$ySCO$OW.1032-IV:1
=999  \\$d7970

