=LDR  00892acm a2200193   4500
=001  7974
=008  220909s1970\\\\|||||l||\||||\00|\0\ger\d
=041  \\$ager
=100  \\$aHandel, George Frideric$d1685-1759$4cmp$1http://www.wikidata.org/entity/Q7302$94765
=245  \\$aKlavierwerke$nII$pZweite Sammlung von 1733
=260  \\$aLeipzig$bVEB Deutscher Verlag für Musik$c1970
=490  \\$aHallische Händel-Ausgabe$vIV:5
=648  \0$a18th Century (1701-1800)$1http://www.wikidata.org/entity/Q7015$920899
=650  \0$aKeyboard music$1http://www.wikidata.org/entity/Q105715630$921412
=651  \0$aUnited Kingdom$1http://www.wikidata.org/entity/Q21$9273
=700  \\$4edt$aNorthway, Peter$924859
=942  \\$cSCO
=952  \\$00$10$2ddc$40$6SCO_HAND$70$8SCO$97970$aORPH$bORPH$cKTS1_P$d2020-07-08$eKoopman$iWG.1032-IV:5$l0$oSCO HAND$p20124011$r2021-01-12 00:00:00$w2021-01-12$ySCO$OW.1032-IV:5
=999  \\$d7974

