=LDR  00850acm a2200181   4500
=001  7975
=041  \\$ager
=100  \\$aHandel, George Frideric$d1685-1759$4cmp$1http://www.wikidata.org/entity/Q7302$94765
=245  \\$aKlavierwerke$nIII$pEinzelne Suiten
=260  \\$aLeipzig$bVEB Deutscher Verlag für Musik$c1970
=648  \0$a18th Century (1701-1800)$1http://www.wikidata.org/entity/Q7015$920899
=650  \0$aKeyboard music$1http://www.wikidata.org/entity/Q105715630$921412
=650  \0$aSuite$1http://www.wikidata.org/entity/Q203005$921718
=651  \0$aUnited Kingdom$1http://www.wikidata.org/entity/Q21$9273
=700  \\$4edt$aBest, Terence$910264
=942  \\$cSCO
=952  \\$00$10$2ddc$40$6SCO_HAND$70$8SCO$97971$aORPH$bORPH$cKTS1_P$d2020-07-08$eKoopman$iWG.1032-IV:6$l0$oSCO HAND$p20124010$r2021-01-12 00:00:00$w2021-01-12$ySCO$OW.1032-IV:6
=999  \\$d7975

