=LDR  01906acm a2200349   4500
=001  7992
=008  230331s2008\\\\|||||a||\||||\00|\0\ger\d
=020  \\$a9790007038564
=041  \\$ager
=059  \\$aS T T B SATTB 2fl 2ob 2cl eh 2bsn 2hrn 2tpt timp 2vn vla vc bc
=100  \\$aHandel, George Frideric$d1685-1759$4cmp$1http://www.wikidata.org/entity/Q7302$94765
=240  \\$aAcis and Galatea, HWV 49
=245  \\$aAcis und Galatea in der Bearbeitung von Felix Mendelssohn Bartholdy
=260  \\$c2008
=534  \\$aHandel's masque premiered in Cannons, 1718; a serenata version premiered in 1732; Mendelssohn's arrangement dates from 1828/29
=600  \0$aAcis$1http://www.wikidata.org/entity/Q419156$912433
=600  \0$aGalatea$1http://www.wikidata.org/entity/Q241070$922428
=648  \0$a18th Century (1701-1800)$1http://www.wikidata.org/entity/Q7015$920899
=648  \0$a19th Century (1801-1900)$1http://www.wikidata.org/entity/Q6955$920935
=650  \0$aMasque$1http://www.wikidata.org/entity/Q2207959$923174
=650  \0$aSerenata$1http://www.wikidata.org/entity/Q215911$921434
=650  \0$aMythology$1http://www.wikidata.org/entity/Q9134$921600
=650  \0$aArrangement$1http://www.wikidata.org/entity/Q379755$94282
=651  \0$aLondon (United Kingdom)$1http://www.wikidata.org/entity/Q84$9123
=651  \0$aGermany$1http://www.wikidata.org/entity/Q183$9155
=700  \\$4lbt$aGay, John$d1685-1732$1http://www.wikidata.org/entity/Q321660$96050
=700  \\$4arr$aMendelssohn-Bartholdy, Felix$d1809-1847$1http://www.wikidata.org/entity/Q46096$94998
=700  \\$4edt$926001$aPoensgen, B.
=700  \\$4edt$aSandberger, Wolfgang$d1961-$1http://www.wikidata.org/entity/Q83487968$914877
=942  \\$cSCO
=952  \\$00$10$2ddc$40$6SCO_HAND$70$8SCO$97988$aORPH$bORPH$cKTS1_P$d2020-07-08$eKoopman$iWG.2258$l0$oSCO HAND$p20124279$r2021-01-12 00:00:00$w2021-01-12$ySCO$OW.2258
=999  \\$d7992

