=LDR  01000cam a2200241 p 4500
=001  7994
=005  20250120120140.0
=008  771214s1976\\\\ne\af\\\\b\\\\000\0\dut\\
=020  \\$a9070119072 :$cfl 36.50
=040  \\$aOI
=041  \\$adut
=100  1\$aHaneveld, G. T.$4aut
=245  10$aOude medische gebouwen van Nederland
=260  \\$aAmsterdam$bMeesters$c1976
=300  \\$a218 pages, 24 leaves of plates$billustrations$c23 cm
=500  \\$a"Uitgegeven voor het Genootschap voor Geschiedenis der Geneeskunde, Wiskunde, Natuurwetenschap en Techniek te Leiden."
=504  \\$aIncludes bibliographies.
=650  \0$aArchitecture$1http://www.wikidata.org/entity/Q12271$93185
=650  \0$aMedicine$1http://www.wikidata.org/entity/Q11190$921959
=651  \0$aNetherlands$1http://www.wikidata.org/entity/Q55$9173
=942  \\$cBOO
=952  \\$00$10$2ddc$40$6TOP_NL$70$8TOP$97990$aORPH$bORPH$cKTS0$d2020-07-08$eKoopman$i21E18$l0$oTOP NL$p20125467$r2021-01-12 00:00:00$w2021-01-12$yBOO$OKoopman
=999  \\$d7994

