=LDR  00352    a2200109   4500
=001  7997
=100  \\$aHannema, F.$911386
=245  \\$aGerard Terborch
=260  \\$c1943
=942  \\$cBOO
=952  \\$00$10$2ddc$40$6BIO_TERB1_E$70$8BIO$97993$aORPH$bORPH$cKTS1_P$d2020-07-08$eKoopman$i34C16$oBIO TERB1 e$p20122571$r2021-01-12 00:00:00$w2021-01-12$yBOO$OKoopman
=999  \\$c7997$d7997

