=LDR  01316aab a2200229   4500
=001  7999
=008  220512s1970\\\\||||||||\||||\00|\0deng\d
=041  \\$aeng
=100  \\$aHansell, Sven Hostrup$d1934-2014$4aut$1http://www.wikidata.org/entity/Q27979000$911388
=245  \\$aSacred Music at the Incurabili in Venice at the Time of J. A. Hasse
=260  \\$aAmerican Musicological Society$bs.l.$c1970
=300  \\$a20 pages
=500  \\$aOffprint from the Journal of the American Musicological Society, XXIII/2
=600  \0$aHasse, Johann Adolf$d1699-1783$1http://www.wikidata.org/entity/Q164732$94966
=610  \0$aOspedale degli Incurabili (Venice, Italy)$1http://www.wikidata.org/entity/Q3735802$924174
=648  \0$a18th Century (1701-1800)$1http://www.wikidata.org/entity/Q7015$920899
=650  \0$aChurch music$1http://www.wikidata.org/entity/Q8812109$92283
=651  \0$aVenice (Italy)$1http://www.wikidata.org/entity/Q641$91
=942  \\$cBOO
=952  \\$00$10$2ddc$3I$40$6TOP_IT_VEN1_5_000000000000000$70$8TOP$97995$aORPH$bORPH$cKTS0$d2020-07-08$eKoopman$i21F61$oTOP IT.VEN1 5$p20125515$r2021-01-12 00:00:00$w2021-01-12$yBOO
=952  \\$00$10$2ddc$3II$40$6BIO_HASS2_E$70$8BIO$97997$aORPH$bORPH$cKTS1_P$d2020-07-08$eKoopman$i32E35$l0$oBIO HASS2 e$p20122832$r2021-01-12 00:00:00$w2021-01-12$yBOO$OKoopman
=999  \\$d7999

