=LDR  00960aam a2200193   4500
=001  8000
=008  230329s1968\\\\||||||||\||||\00|\0deng\d
=041  \\$aeng
=100  \\$aHansell, Sven Hostrup$d1934-2014$4aut$1http://www.wikidata.org/entity/Q27979000$911388
=245  \\$aWorks for Solo Voice of Johann Adolph Hasse (1699-1783)
=260  \\$aDetroit, MI$bInformation Coordinators$c1968
=600  \0$aHasse, Johann Adolf$d1699-1783$1http://www.wikidata.org/entity/Q164732$94966
=648  \0$a18th Century (1701-1800)$1http://www.wikidata.org/entity/Q7015$920899
=650  \0$aVocal music$1http://www.wikidata.org/entity/Q685884$93319
=651  \0$aItaly$1http://www.wikidata.org/entity/Q38$922
=651  \0$aDresden (Germany)$1http://www.wikidata.org/entity/Q1731$947
=942  \\$cBOO
=952  \\$00$10$2ddc$40$6BIO_HASS2_E$70$8BIO$97996$aORPH$bORPH$cKTS1_P$d2020-07-08$eKoopman$i32E34$l0$oBIO HASS2 e$p20122833$r2021-01-12 00:00:00$w2021-01-12$yBOO$OKoopman
=999  \\$d8000

