=LDR  01018aam a2200217   4500
=001  8003
=008  250521s1985\\\\||||||||\||||\00|\0aeng\d
=020  \\$a9780712608664
=041  \\$aeng$hfre
=100  \\$aLa Tour du Pin Gouvernet, Henriette-Lucy de$cMarquise$d1770-1853$1http://www.wikidata.org/entity/Q3132481$4aut$940240
=245  \\$aMemoirs of Madame de La Tour du Pin
=260  \\$aToronto$bCentury Publishing$c1985
=648  \0$a18th Century (1701-1800)$1http://www.wikidata.org/entity/Q7015$920899
=648  \0$a19th Century (1801-1900)$1http://www.wikidata.org/entity/Q6955$920935
=650  \0$aNobility$1http://www.wikidata.org/entity/Q134737$93602
=650  \0$aMemoir$1https://www.wikidata.org/wiki/Q112983$939913
=651  \0$aFrance$1http://www.wikidata.org/entity/Q142$9131
=700  \\$aHarcourt, F.$4trl$911390
=942  \\$cBOO
=952  \\$00$10$2ddc$40$6BIO_LATO_A$70$8BIO$97999$aORPH$bORPH$cKTS1_P$d2020-07-08$eKoopman$i28C19$oBIO LATO a$p20121421$r2021-01-12 00:00:00$w2021-01-12$yBOO$OKoopman
=999  \\$d8003

