=LDR  00642aam a2200169   4500
=001  8004
=008  250827s1983\\\\||||||||\||||\00|\0\eng\d
=020  \\$a0905418425
=041  \\$aeng
=100  1\$aHarding, Rosamond E. M.$d1898-1982$940887$4aut
=245  \\$aThe Metronome and It's [sic] Precursors
=260  \\$aOxfordshire$bGresham Books$c1983
=490  \\$aOrigins of musical time and expression
=650  \0$aMetronome$1http://www.wikidata.org/entity/Q156424$922225
=942  \\$cBOO
=952  \\$00$10$2ddc$40$6SCI_HARD$70$8SCI$98000$aORPH$bORPH$cKM12_1$d2020-07-08$eKoopman$i30F32$l0$oSCI HARD$p20123300$r2021-01-12 00:00:00$w2021-01-12$yBOO
=999  \\$d8004

