=LDR  01024aam a2200205   4500
=001  8008
=008  211218s1967\\\\\\\|||||\||||\00|\p\dut\d
=041  \\$adut
=100  \\$aHarduwijn, Justus de$d1582-1636$4aut$1http://www.wikidata.org/entity/Q742930$911394
=245  \\$aDer liefden stille krachten
=260  \\$aHasselt$bHeideland$c1967
=490  \\$aPoëtisch erfdeel der Nederlanden$vP53
=500  \\$aDe Harduwijn, a cousin of Daniel Heinsius, originated from Flanders and went to university in Leuven. He admired the French Pléiade and Petrarch, and reacted against the rhetoricians. 
=648  \0$a17th Century (1601-1700)$1http://www.wikidata.org/entity/Q7016$920923
=650  \0$aPoetry$1http://www.wikidata.org/entity/Q482$93026
=651  \0$aNetherlands$1http://www.wikidata.org/entity/Q55$9173
=700  \\$4edt$aDambre, O.$923272
=942  \\$cBOO
=952  \\$00$10$2ddc$40$6LIT_HARD_A$70$8LIT$98004$aORPH$bORPH$cKM12_2_H$d2020-07-08$eKoopman$i40G37$oLIT HARD a$p20122231$r2021-01-12 00:00:00$w2021-01-12$yBOO
=999  \\$d8008

