=LDR  01446cam a2200301 a 4500
=001  8009
=005  20250925143258.0
=008  820408s1980\\\\enka\\\\\b\\\\000\0beng\\
=020  \\$a0906071631 :$c£6.95 ($12.95 U.S.)
=040  \\$aOI
=041  \\$aeng
=100  \\$aHardwick, Michael$d1924-1991$911395
=245  10$aAlfred Deller,$cA Singularity of Voice
=260  \\$aLondon$bProteus$aNew York$bScribner$c1980
=300  \\$a197 pages$billustrations$c23 cm
=504  \\$aDiscography: p. 193-197.
=600  \0$aDeller, Alfred$d1912-1979$1http://www.wikidata.org/entity/Q981299$911396
=648  \0$a20th Century (1901-2000)$1http://www.wikidata.org/entity/Q6927$920936
=650  \0$aCountertenor$1http://www.wikidata.org/entity/Q223166$92766
=650  \0$aBiography$1http://www.wikidata.org/entity/Q36279$91927
=650  \0$aEarly music$1http://www.wikidata.org/entity/Q436016$93160
=650  \0$aHistorically informed performance$1http://www.wikidata.org/entity/Q1344860$920980
=651  \0$aUnited Kingdom$1http://www.wikidata.org/entity/Q21$9273
=700  \\$aHardwick, Michael$d1924-1991$1http://www.wikidata.org/entity/Q55863974$4aut$911395
=700  \\$aHardwick, Mollie$d1916-2003$1http://www.wikidata.org/entity/Q6896431$4aut$911397
=942  \\$cBOO
=952  \\$00$10$2ddc$40$6BIO_DELL_D$70$8BIO$98005$aORPH$bORPH$cKTS1_P$d2020-07-08$eKoopman$i32D19$l0$oBIO DELL d$p20123126$r2021-01-12 00:00:00$w2021-01-12$yBOO$OKoopman
=999  \\$d8009

