=LDR  01113aam a2200229   4500
=001  8011
=008  230905b\\\\\\\\||||||||\||||\00|\0\###\d
=041  \\$ager
=100  \\$aHarich-Schneider, Eta$d1894-1986$1http://www.wikidata.org/entity/Q1284831$4aut$96194
=245  \\$aKleine Schule des Cembalospiels
=260  \\$aKassel$bBärenreiter$c1952
=300  \\$a80-22 pages
=648  \0$1http://www.wikidata.org/entity/Q6955$a19th Century (1801-1900)$920935
=648  \0$1http://www.wikidata.org/entity/Q7015$a18th Century (1701-1800)$920899
=650  \0$1http://www.wikidata.org/entity/Q2250960$aMethod$921402
=650  \0$aHarpsichord$1http://www.wikidata.org/entity/Q81982$92125
=650  \0$1http://www.wikidata.org/entity/Q739589$aOrnamentation$922524
=650  \0$1http://www.wikidata.org/entity/Q7309439$aOrgan registration$923402
=651  \0$aGermany$1http://www.wikidata.org/entity/Q183$9155
=942  \\$cBOO
=952  \\$00$10$2ddc$40$6INS_3_000000000000000_2D_HARI$70$8INS$98007$aORPH$bORPH$cKTS0$d2020-07-08$eKoopman$i21B31$l0$oINS3.2d HARI$p20128408$r2021-01-12 00:00:00$w2021-01-12$yBOO$OKoopman
=999  \\$d8011

