=LDR  01321cam a2200289 i 4500
=001  8012
=005  20250925143258.0
=008  790124s1978\\\\gw\a\\\\\\\\\\001\0ager\\
=015  \\$aGFR78-A
=020  \\$a3550074816
=040  \\$aOI
=041  \\$aeng
=100  \\$aHarich-Schneider, Eta$d1894-1986$1http://www.wikidata.org/entity/Q1284831$96194
=245  10$aCharaktere und Katastrophen:$bAugenzeugenberichte einer reisenden Musikerin
=260  \\$aBerlin$aFrankfurt$aWien$bUllstein$c1978
=300  \\$a483 pages$billustrations
=600  \0$aHarich-Schneider, Eta$d1894-1986$1http://www.wikidata.org/entity/Q1284831$96194
=648  \0$a20th Century (1901-2000)$1http://www.wikidata.org/entity/Q6927$920936
=650  \0$aBiography$1http://www.wikidata.org/entity/Q36279$91927
=650  \0$aHarpsichord$1http://www.wikidata.org/entity/Q81982$92125
=650  \0$aInstrumentalist$1http://www.wikidata.org/entity/Q1278335$921706
=650  \0$aFemale$1http://www.wikidata.org/entity/Q6581072$921764
=650  \0$aEarly music$1http://www.wikidata.org/entity/Q436016$93160
=651  \0$aGermany$1http://www.wikidata.org/entity/Q183$9155
=942  \\$cBOO
=952  \\$00$10$2ddc$40$6BIO_HARI_B$70$8BIO$98008$aORPH$bORPH$cKTS1_P$d2020-07-08$eKoopman$i32E33$oBIO HARI b$p20122834$r2021-01-12 00:00:00$w2021-01-12$yBOO
=999  \\$d8012

