=LDR  01803cam a2200241   4500
=001  8013
=008  730531s1973\\\\enkabgh\\b\\\\001\0\eng\\
=020  \\$a0193162032
=040  \\$aOI
=041  \\$aeng
=100  \\$aHarich-Schneider, Eta$d1894-1986$1http://www.wikidata.org/entity/Q1284831$4aut$96194
=245  12$aA History of Japanese Music
=260  \\$aLondon$bOxford University Press$c1973
=300  \\$axxi-720-[33] pages$e3 LPs (7" 33 1/3 rpm)
=504  \\$aBibliography: p. 598-617.
=520  \\$aThis study provides a chronological survey of two thousand years of musical activity in Japan. It begins with evidence discovered in prehistoric excavations, and includes discussions of surviving instruments, pictorial evidence, written records of successive periods, and the modern acceptance of Western music. Offering a comprensive view of the changes, developments, and consistencies in Japanese music-making, Harich-Schneider presents the social and political climate of each musical phenomena. An extensive portrayal of ancient and mysterious music, this history will interest musicologists and students of Japanese culture. (Publisher's description)
=590  \\$aAccompanying sound recordings shelved in the Recorded Sound Section of the Motion Picture, Broadcasting, and Recorded Sound Division
=650  \0$aMusic history$1http://www.wikidata.org/entity/Q846047$921373
=651  \0$aJapan$1http://www.wikidata.org/entity/Q17$921369
=942  \\$cBOO
=952  \\$00$10$2ddc$3text$40$6TOP_JP$70$8TOP$98009$aORPH$bORPH$cKTS0$d2020-07-08$eKoopman$i42E01$l0$oTOP JP$p20122049$r2021-01-12 00:00:00$w2021-01-12$yBOO$OKoopman
=952  \\$00$10$2ddc$3records$40$6TOP_JP$70$8TOP$923184$aORPH$bORPH$cKTS0$d2020-07-08$eKoopman$i42E01$l0$oTOP JP$p20146286$r2024-02-12 00:00:00$w2021-01-12$yREC
=999  \\$d8013

