=LDR  01453aam a2200265   4500
=001  8015
=005  20251103124736.0
=008  230912s1970\\\\gw\g||||\||||\00|\0\ger\d
=041  \\$ager
=100  \\$aHarich-Schneider, Eta$d1894-1986$4aut$1http://www.wikidata.org/entity/Q1284831$96194
=245  \\$aDie Kunst des Cembalo-spiels.$bNach den vorhandenen Quellen dargestellt und erläutert Mit 8 Bildtafeln einer Notenbeilage
=250  \\$a3rd ed.
=260  \\$aParis$aLondon$bBärenreiter$c1970
=300  \\$a244 pages
=648  \0$1http://www.wikidata.org/entity/Q7016$a17th Century (1601-1700)$920923
=648  \0$1http://www.wikidata.org/entity/Q7015$a18th Century (1701-1800)$920899
=650  \0$1http://www.wikidata.org/entity/Q81982$aHarpsichord$92125
=650  \0$1http://www.wikidata.org/entity/Q52954$aKeyboard instrument$92849
=650  \0$1http://www.wikidata.org/entity/Q608487$aFingering$921861
=650  \0$1http://www.wikidata.org/entity/Q739589$aOrnamentation$922524
=650  \0$1http://www.wikidata.org/entity/Q1668139$aMusical interpretation$94533
=942  \\$cBOO
=952  \\$00$10$2ddc$40$6INS_3_000000000000000_2D_HARI$70$8INS$98011$aORPH$bORPH$cKTS0$d2020-07-08$l0$oINS3.2d HARI$p20129957$r2021-01-12 00:00:00$w2021-01-12$yBOO$OThwaites
=952  \\$00$10$2ddc$40$6INS_3_000000000000000_2D_HARI$70$8INS$922933$aORPH$bORPH$cKTS0$d2020-07-08$eKoopman$i20F37$l0$oINS3.2d HARI$p20128113$r2023-09-12 00:00:00$w2021-01-12$yBOO
=999  \\$d8015

