=LDR  01304cam a22002895a 4500
=001  8016
=005  20250120120156.0
=008  971203s1997\\\\enkaf\\\\b\\\\001\0beng\\
=015  \\$aGB97-27835
=020  \\$a1859281656
=040  \\$aOI
=041  \\$aeng
=100  \\$aHarley, John$d-1928$4aut$911402
=245  10$aWilliam Byrd:$bGentleman of the Chapel Royal
=260  \\$aAldershot, Hants$bScolar Press$aBrookfield, VT$bAshgate$c1997
=300  \\$axvi-480 pages, 8 pages of plates$billustrations$c25 cm
=504  \\$aList of composer's works: p. [408]-427.
=504  \\$aIncludes bibliographical references (p. [430]-450) and indexes.
=600  \0$aByrd, William$d1539/40-1623$1http://www.wikidata.org/entity/Q208375$910065
=648  \0$a16th Century (1501-1600)$1http://www.wikidata.org/entity/Q7017$920944
=648  \0$a17th Century (1601-1700)$1http://www.wikidata.org/entity/Q7016$920923
=650  \0$aComposer$1http://www.wikidata.org/entity/Q36834$93625
=650  \0$aBiography$1http://www.wikidata.org/entity/Q36279$91927
=651  \0$aUnited Kingdom$1http://www.wikidata.org/entity/Q21$9273
=942  \\$cBOO
=952  \\$00$10$2ddc$40$6BIO_BYRD_D$70$8BIO$98012$aORPH$bORPH$cKTS1_P$d2020-07-08$eKoopman$i24F10$l0$oBIO BYRD d$p20125885$r2021-01-12 00:00:00$w2021-01-12$yBOO$OKoopman
=999  \\$d8016

