=LDR  01007aam a2200205   4500
=001  8018
=008  250902s1968\\\\||||||||\c|||\00|\0\eng\d
=041  \\$aeng
=100  \\$aHarman, R. A.$911405$4aut
=245  \\$aA Catalogue of the Printed Music and Books on Music In Durham Cathedral Library
=260  \\$aLondon$bOxford University Press$c1968
=300  \\$a136 pages
=610  \0$aDurham Cathedral (United Kingdom)$1http://www.wikidata.org/entity/Q746207$941095
=650  \0$aChurch music$1http://www.wikidata.org/entity/Q8812109$1http://www.wikidata.org/entity/Q1065742$92283
=650  \0$aManuscript$1http://www.wikidata.org/entity/Q87167$92275
=650  \0$aLibrary$1http://www.wikidata.org/entity/Q7075$94229
=651  \0$aDurham (United Kingdom)$1http://www.wikidata.org/entity/Q49229$941096
=942  \\$cBOO
=952  \\$00$10$2ddc$40$6BIB_4_000000000000000_GB_DUR$70$8BIB$98014$aORPH$bORPH$cKTS0$d2020-07-08$eKoopman$i23E28$l0$oBIB4 GB.DUR$p20128938$r2021-01-12 00:00:00$w2021-01-12$yBOO$OKoopman
=999  \\$d8018

