=LDR  01080aam a2200229   4500
=001  8019
=005  20250926134855.0
=008  250429s1981\\\\||||||||\||||\00|\0\dut\d
=020  \\$a9060272439
=041  \\$adut
=100  \\$aHarmon, T. F.$911406$4aut
=245  \\$aThe Registration of J.S. Bach's Organ Works:$bA Study of German Organ-Building and Registration Practices of the Late Baroque Era
=260  \\$aBuren$bKnuf$c1981
=600  \0$aBach, Johann Sebastian$d1685-1750$1http://www.wikidata.org/entity/Q1339$94766
=648  \0$a18th Century (1701-1800)$1http://www.wikidata.org/entity/Q7015$920899
=650  \0$aOrgan music$1http://www.wikidata.org/entity/Q116958279$91951
=650  \0$aOrgan registration$1http://www.wikidata.org/entity/Q7309439$923402
=650  \0$aOrganology$1http://www.wikidata.org/entity/Q899293$921400
=651  \0$aGermany$1http://www.wikidata.org/entity/Q183$9155
=942  \\$cBOO
=952  \\$00$10$2ddc$40$6BIO_BACH1_E$70$8BIO$98015$aORPH$bORPH$cKTS1_P$d2020-07-08$eKoopman$i32A30$oBIO BACH1 e$p20122970$r2021-01-12 00:00:00$w2021-01-12$yBOO
=999  \\$d8019

