=LDR  01663aam a2200229   4500
=001  8020
=008  250311s1951\\\\|||aob||\||||\00|\0\ger\d
=041  \\$ager
=100  \\$aHarms, Gertrud$d1916-1976$1http://www.wikidata.org/entity/Q1515572$911407
=245  \\$aDie Neugestaltung Bremens.$bDie geschichtliche Entwicklung des Bremer Marktplatzes
=260  \\$c1951$aBremen$bHandelskammer Bremen
=300  \\$a29 pages$boblong
=500  \\$astudy on the history of Bremen's Market Square, as a document of inspiration for the architects who participated in the 1951 competition for the development of the ravaged market square after World War II.
=500  \\$aThe stock exchange was completely destroyed on 20 December 1943 during an Allied air raid during the Second World War. The ruins remained standing for a long time and were only demolished after the Chamber of Commerce sold the site to the city in 1957. Prior to this, in 1951/1952, the Chamber of Commerce had organised an ideas-competition for the development of the site, in which 128 architects took part. However, the ideas were not pursued any further.
=648  \0$aPast$1http://www.wikidata.org/entity/Q192630$922196
=650  \0$aArchitecture$1http://www.wikidata.org/entity/Q12271$93185
=650  \0$aHistory$1http://www.wikidata.org/entity/Q309$921403
=650  \0$aUrban design$1http://www.wikidata.org/entity/Q63100$939883
=651  \0$aBremen (Germany)$1http://www.wikidata.org/entity/Q24879$922658
=942  \\$cBOO
=952  \\$00$10$2ddc$40$6TOP_DE_BRE$70$8TOP$98016$aORPH$bORPH$cKTS0$d2020-07-08$eKoopman$i44C03$l0$oTOP DE.BRE$p20126668$r2021-01-12 00:00:00$w2021-01-12$yBOO$OKoopman
=999  \\$d8020

