=LDR  01006nam a2200229 a 4500
=001  8021
=005  20250120120408.0
=008  891128s1989\\\\ne\a\\\\\b\\\\000\0\dut\\
=020  \\$a9063301642
=041  0\$adut$bfre
=100  \\$aHarmsen, A. J. E.$4aut$911408
=245  10$aOnderwys in de tooneel-poëzy: de opvattingen over toneel van het Kunstgenootschap Nil Volentibus Arduum
=260  \\$aRotterdam$bOrdeman$c1989
=300  \\$a545 pages
=502  \\$aThesis (doctoral) - Universiteit van Amsterdam.
=610  \0$aNil Volentibus Arduum$1http://www.wikidata.org/entity/Q2351891$96763
=648  \0$a17th Century (1601-1700)$1http://www.wikidata.org/entity/Q7016$920923
=650  \0$aPlay (theater)$1http://www.wikidata.org/entity/Q25379$921414
=651  \0$aNetherlands$1http://www.wikidata.org/entity/Q55$9173
=942  \\$cBOO
=952  \\$00$10$2ddc$40$6TRE_HARM$70$8TRE$98017$aORPH$bORPH$cKTS1_H$d2020-07-08$eKoopman$i37A19$l0$oTRE HARM$p20120616$r2021-01-12 00:00:00$w2021-01-12$yTYPE_UNK
=999  \\$c8021$d8021

