=LDR  00777cam a2200193 a 4500
=001  8022
=005  20250120120102.0
=008  830921s1982\\\\au\g\\\\\b\\\\000\0\ger\\
=020  \\$a3701703159
=041  \\$ager
=100  \\$aHarnoncourt, Nikolaus$d1929-2016$4aut$1http://www.wikidata.org/entity/Q78526$917150
=245  10$aMusik als Klangrede: Wege zu einem neuen Musikverständnis
=260  \\$aSalzburg$bResidenz Verlag$c1982
=300  \\$a283 pages
=590  \\$aEssays und Vorträge
=650  \0$aHistorically informed performance$1http://www.wikidata.org/entity/Q1344860$920980
=942  \\$cBOO
=952  \\$00$10$2ddc$40$6TRE_HARN$70$8TRE$98018$aORPH$bORPH$cKTS1_H$d2020-07-08$eKoopman$i20C15$l1$oTRE HARN$p20128099$r2024-11-04 12:53:46$s2024-10-16$w2021-01-12$yBOO
=999  \\$c8022$d8022

