=LDR  01158aam a2200229   4500
=001  8023
=005  20251003082920.0
=008  220525s2017\\\\||||||||\||||\00|\0\ger\d
=020  \\$a9783701734283
=041  \\$ager
=245  \\$aWir sind eine Entdeckergemeinschaft:$bAufzeichnungen zur Entstehung des Concentus Musicus
=260  \\$aVienna$bResidenz$c2017
=610  \0$aConcentus Musicus Wien (Vienna, Austria)$1http://www.wikidata.org/entity/Q372863$922243
=648  \0$a20th Century (1901-2000)$1http://www.wikidata.org/entity/Q6927$920936
=650  \0$aOrchestra$1http://www.wikidata.org/entity/Q42998$93159
=650  \0$aHistorically informed performance$1http://www.wikidata.org/entity/Q1344860$920980
=651  \0$aVienna (Austria)$1http://www.wikidata.org/entity/Q1741$920937
=700  \\$4aut$aHarnoncourt, Nikolaus$d1929-2016$1http://www.wikidata.org/entity/Q78526$917150
=700  \\$4aut$aHarnoncourt, Alice$d1930-2022$1http://www.wikidata.org/entity/Q87139$922244
=942  \\$cBOO
=952  \\$00$10$2ddc$40$6BIO_HARN_A$70$8BIO$98019$aORPH$bORPH$cKTS1_P$d2020-07-08$eKoopman$i47E25$oBIO HARN a$p20123642$r2021-01-12 00:00:00$w2021-01-12$yBOO
=999  \\$d8023

