=LDR  01194cam a2200265 a 4500
=001  8024
=005  20250120115736.0
=008  980507s1999\\\\enka\\\\\b\\\\001\0beng\\
=020  \\$a0198162715
=040  \\$aOI
=100  1\$aHarrán, Don.
=245  10$aSalamone Rossi :$bJewish musician in late Renaissance Mantua /$cDon Harrán.
=260  \\$aOxford ;$aNew York :$bOxford University Press,$c1999.
=300  \\$aix, 310 p. :$bill. ;$c25 cm.
=504  \\$aIncludes bibliographical references (p. [281]-295) and index.
=600  10$aRossi, Salamone,$d1570?-approximately 1630.
=650  \0$aComposers$zItaly$zMantua$vBiography.
=650  \0$aJewish composers$zItaly$zMantua$vBiography.
=856  \\$uhttp://www.loc.gov/catdir/enhancements/fy0606/98007974-d.html$3Publisher description
=856  \\$uhttp://www.loc.gov/catdir/enhancements/fy0606/98007974-t.html$3Table of contents only
=952  \\$00$10$2ddc$40$6BIO_ROSS1_D$70$8BIO$98020$aORPH$bORPH$cKTS1_P$d2020-07-08$eKoopman$i24D61$l0$oBIO ROSS1 d$p20129063$r2021-01-12 00:00:00$w2021-01-12$yBOO$OKoopman
=999  \\$c8024$d8024
=490  \\$a[Oxford monographs on music]
=651  \0$aItaly$1http://www.wikidata.org/entity/Q38$922
=942  \\$cBOO

