=LDR  00983aam a2200205   4500
=001  8025
=008  240318s1973\\\\|||aoch|\||||\00|\0dger\d
=041  \\$ager
=100  \\$aHarrassowitz, Hermann$911411$4aut
=245  \\$aGeschichte der Kirchenmusik an St. Lorenz in Nürnberg
=260  \\$aNuremberg$bVerein für Geschichte der Stadt Nürnberg$c1973
=300  \\$a152 pages$billustrations
=490  \\$aMitteilungen des Vereins für Geschichte der Stadt Nürnberg$v60
=610  \0$aSt. Lorenzkirche Nürnberg (Germany)$1http://www.wikidata.org/entity/Q707357$940127
=650  \0$aChurch music$1http://www.wikidata.org/entity/Q8812109$92283
=650  \0$aMusic history$1http://www.wikidata.org/entity/Q846047$921373
=651  \0$aNuremberg (Germany)$1http://www.wikidata.org/entity/Q2090$921596
=942  \\$cBOO
=952  \\$00$10$2ddc$40$6TOP_DE_NUR$70$8TOP$98021$aORPH$bORPH$cKTS0$d2020-07-08$eKoopman$i20E05$l0$oTOP DE.NUR$p20125376$r2021-01-12 00:00:00$w2021-01-12$yBOO$OKoopman
=999  \\$d8025

