=LDR  01653cam a2200325 i 4500
=001  8026
=005  20250925143258.0
=008  750709s1974\\\\enka\\\\\\\\\\000\0\eng\\
=020  \\$a0600339769 :$c£2.95
=040  \\$aOI
=041  \\$aeng
=100  \\$4edt$aHarris, Nathaniel$d-1937$911412
=245  00$aGreat Masters of World Painting:$bBotticelli, Canaletto, Watteau, Cézanne, Titian
=260  \\$aLondon$aNew York$bSpring Books$c1974
=300  \\$a[322] pages$bchiefly color illustrations$c28 cm
=600  \0$aBotticelli, Sandro$d1444/45-1510$1http://www.wikidata.org/entity/Q5669$922870
=600  \0$aTitian$dc. 1488-1576$1http://www.wikidata.org/entity/Q47551$910983
=600  \0$aCanaletto$d1697-1768$1http://www.wikidata.org/entity/Q182664$922871
=600  \0$aWatteau, Antoine$d1684-1721$1http://www.wikidata.org/entity/Q183221$913747
=600  \0$aCézanne, Paul$d1839-1906$1http://www.wikidata.org/entity/Q35548$922872
=648  \0$a15th Century (1401-1500)$1http://www.wikidata.org/entity/Q7018$921015
=648  \0$a16th Century (1501-1600)$1http://www.wikidata.org/entity/Q7017$920944
=648  \0$a18th Century (1701-1800)$1http://www.wikidata.org/entity/Q7015$920899
=648  \0$a20th Century (1901-2000)$1http://www.wikidata.org/entity/Q6927$920936
=650  \0$aFine art$1http://www.wikidata.org/entity/Q219625$921579
=651  \0$aItaly$1http://www.wikidata.org/entity/Q38$922
=651  \0$aFrance$1http://www.wikidata.org/entity/Q142$9131
=942  \\$cBOO
=952  \\$00$10$2ddc$40$6VIS_HARR$70$8VIS$98022$aORPH$bORPH$cKTS1_H$d2020-07-08$eKoopman$i20G09$oVIS HARR$p20128179$r2021-01-12 00:00:00$w2021-01-12$yBOO
=999  \\$d8026

