=LDR  01198    a2200253   4500
=001  8028
=008  220202s1973\\\\|||ag|||\||||\00|\0\eng\d
=020  \\$a906027242
=041  \\$aeng
=100  \\$aHarrison, Frank$4aut$923634
=245  \\$aTime, Place and Music:$bAn Anthology of Ethnomusicological Observation c. 1550 to c. 1800
=260  \\$aAmsterdam$bKnuf$c1973
=300  \\$a221 pages, 20 pages of plates
=490  \\$aSource materials and studies in ethnomusicology$v1
=648  \0$a16th Century (1501-1600)$1http://www.wikidata.org/entity/Q7017$920944
=648  \0$a17th Century (1601-1700)$1http://www.wikidata.org/entity/Q7016$920923
=648  \0$a18th Century (1701-1800)$1http://www.wikidata.org/entity/Q7015$920899
=650  \0$aEthnomusicology$1http://www.wikidata.org/entity/Q208365$920991
=650  \0$aMusic history$1http://www.wikidata.org/entity/Q846047$921373
=650  \0$aTravel$1http://www.wikidata.org/entity/Q61509$94440
=651  \0$aWorld$1http://www.wikidata.org/entity/Q2$922254
=942  \\$cBOO
=952  \\$00$10$2ddc$40$6GHM_5_000000000000000$70$8GHM$98024$aORPH$bORPH$cKM12_1$d2020-07-08$eKoopman$i21F21$oGHM5$p20125486$r2021-01-12 00:00:00$w2021-01-12$yBOO
=999  \\$d8028

