=LDR  00912    a2200193   4500
=001  8031
=008  221104s1986\\\\nl\f||||\||||\00|\0\dut\d
=041  \\$adut
=100  \\$aHarst, J. J. Hans van der$4aut$911417
=245  \\$aHeringebruikname van het gerestaureerde Smits orgel in de kerk van St. Jans Onthoofding te Gemert
=260  \\$c1986$aGemert
=300  \\$a9 pages
=610  \0$aSint-Jans Onthoofdingkerk (Gemert, Netherlands)$1http://www.wikidata.org/entity/Q2525820$925266
=650  \0$aOrgan$1http://www.wikidata.org/entity/Q1444$92810
=650  \0$aOrganology$1http://www.wikidata.org/entity/Q899293$921400
=651  \0$aGemert (Netherlands)$1http://www.wikidata.org/entity/Q970701$925265
=942  \\$cBOO
=952  \\$00$10$2ddc$40$6INS_3_000000000000000_1E_NL_GEM$70$8INS$98027$aORPH$bORPH$cKTS0$d2020-07-08$eKoopman$i24B47$l0$oINS3.1e NL.GEM$p20128789$r2021-01-12 00:00:00$w2021-01-12$yBOO$OKoopman
=999  \\$d8031

