=LDR  01026    a2200205   4500
=001  8032
=008  221123s1984\\\\nl\f||||\||||\00|\0\dut\d
=041  \\$adut
=100  \\$aHarst, J. J. Hans van der$4aut$911417
=245  \\$aDe Restauratie van het Grote Orgel in de Kathedrale Basiliek van Sint Jan te 's-Hertogenbosch
=260  \\$c1984$a's-Hertogenbosch$bKerkbestuur Parochie Binnenstad 's-Hertogenbosch
=300  \\$a24 pages
=610  \0$aSint-Janskathedraal ('s-Hertogenbosch, Netherlands)$925352
=648  \0$a18th Century (1701-1800)$1http://www.wikidata.org/entity/Q7015$920899
=650  \0$aOrgan$1http://www.wikidata.org/entity/Q1444$92810
=650  \0$aOrganology$1http://www.wikidata.org/entity/Q899293$921400
=651  \0$a's-Hertogenbosch (Netherlands)$1http://www.wikidata.org/entity/Q2766547$982
=942  \\$cBOO
=952  \\$00$10$2ddc$40$6INS_3_000000000000000_1E_NL_HER$70$8INS$98028$aORPH$bORPH$cKTS0$d2020-07-08$eKoopman$i24C50$l0$oINS3.1e NL.HER$p20129002$r2021-01-12 00:00:00$w2021-01-12$yBOO$OKoopman
=999  \\$d8032

