=LDR  00987    a2200229   4500
=001  8033
=005  20250926134855.0
=008  211122s2000\\\\\\\|||||\||||\00|\0\dut\d
=020  \\$a9789072977809
=041  \\$adut
=100  \\$aHart, Maarten 't$d1944-$4aut$911420
=245  \\$aOver de cantates van Bach
=260  \\$c2000$bUniepers$aAbcoude
=600  \0$aBach, Johann Sebastian$d1685-1750$1http://www.wikidata.org/entity/Q1339$94766
=648  \0$a18th Century (1701-1800)$1http://www.wikidata.org/entity/Q7015$920899
=650  \0$aCantata$1http://www.wikidata.org/entity/Q174873$921603
=650  \0$aLute$1http://www.wikidata.org/entity/Q180733$93944
=651  \0$aGermany$1http://www.wikidata.org/entity/Q183$9155
=700  \\$4win$aKoopman, Ton$d1944-$1http://www.wikidata.org/entity/Q445121$910491
=942  \\$cBOO
=952  \\$00$10$2ddc$40$6BIO_BACH1_E$70$8BIO$98029$aORPH$bORPH$cKTS1_P$d2020-07-08$eKoopman$i20D62$oBIO BACH1 e$p20125340$r2021-01-12 00:00:00$w2021-01-12$yBOO
=999  \\$d8033

