=LDR  00814cam a22002174a 4500
=001  8034
=005  20250120115850.0
=008  060918s2006\\\\ne\ab\\\\\\\\\000\1\dut\\
=020  \\$a9029564083
=040  \\$aOI
=041  \\$adut
=100  \\$aHart, Maarten 't$d1944-$911420
=245  14$aHet psalmenoproer.$bRoman
=260  \\$aAmsterdam$bDe Arbeiderspers$c2006
=300  \\$a288 pages$b1 illustration, 1 map$c23 cm
=648  \0$a21st Century (2001-2100)$1http://www.wikidata.org/entity/Q6939$920812
=650  \0$aNovel$1http://www.wikidata.org/entity/Q8261$921629
=651  \0$aNetherlands$1http://www.wikidata.org/entity/Q55$9173
=942  \\$cBOO
=952  \\$00$10$2ddc$40$6LIT_HART_A$70$8LIT$98030$aORPH$bORPH$cKM12_2_H$d2020-07-08$eKoopman$i38D47$oLIT HART a$p20122358$r2021-01-12 00:00:00$w2021-01-12$yBOO
=999  \\$d8034

