=LDR  00777aam a2200193   4500
=001  8035
=008  231023s2002\\\\||||||||\||||\00|\f\dut\d
=020  \\$a9070084341
=041  \\$adut
=100  \\$aHart, Maarten 't$d1944-$911420$4aut
=245  \\$aHet meisje met de zwarte nagels
=260  \\$aLeiden$bDe Kler$c2002
=648  \0$a21st Century (2001-2100)$1http://www.wikidata.org/entity/Q6939$920812
=650  \0$aNovel$1http://www.wikidata.org/entity/Q8261$921629
=650  \0$aLibrary$1http://www.wikidata.org/entity/Q7075$94229
=651  \0$aNetherlands$1http://www.wikidata.org/entity/Q55$9173
=942  \\$cBOO
=952  \\$00$10$2ddc$40$6LIT_HART_A$70$8LIT$98031$aORPH$bORPH$cKM12_2_H$d2020-07-08$eKoopman$i40C02$oLIT HART a$p20120297$r2021-01-12 00:00:00$w2021-01-12$yBOO
=999  \\$d8035

