=LDR  00754aam a2200205   4500
=001  8037
=005  20250926134855.0
=008  231023s2000\\\\||||||||\||||\00|\0\ger\d
=020  \\$a3716022659
=041  \\$ager
=100  \\$aHart, Maarten 't$d1944-$911420$4aut
=245  \\$aBach und ich
=260  \\$aZürich$bArche$c2000
=300  \\$eCD
=600  \0$aBach, Johann Sebastian$d1685-1750$1http://www.wikidata.org/entity/Q1339$94766
=650  \0$aReception$1http://www.wikidata.org/entity/Q1791660$925021
=650  \0$aLiterature$1http://www.wikidata.org/entity/Q8242$94439
=942  \\$cBOO
=952  \\$00$10$2ddc$40$6BIO_BACH1_D$70$8BIO$98033$aORPH$bORPH$cKTS1_P$d2020-07-08$eKoopman$i22A33$oBIO BACH1 d$p20125600$r2021-01-12 00:00:00$w2021-01-12$yBOO
=999  \\$d8037

