=LDR  01112cam a2200241 a 4500
=001  8038
=005  20250120120156.0
=008  810731s1980\\\\nyuaf\\\\\\\\\000\0\eng\\
=020  \\$a0486240029 (pbk.) :$c$6.00
=040  \\$aOI
=100  \\$aHarter, Jim$911422
=245  10$aMusic, A Pictorial Archive of Woodcuts & Engravings:$b841 Copyright-Free Illustrations for Artists & Designers
=260  \\$aNew York$bDover$c1980
=300  \\$a155 p., [1] leaf of plates :$bchiefly ill. ;$c30 cm.
=490  \\$aDover Pictorial Archive Series
=650  \0$aComposer$1http://www.wikidata.org/entity/Q36834$93625
=650  \0$aIconography$1http://www.wikidata.org/entity/Q208145$921259
=650  \0$aOrganology$1http://www.wikidata.org/entity/Q899293$921400
=650  \0$aMusic history$1http://www.wikidata.org/entity/Q846047$921373
=856  \\$uhttp://www.loc.gov/catdir/enhancements/fy0705/80067477-d.html$3Publisher description
=942  \\$cBOO
=952  \\$00$10$2ddc$40$6VIS_HART$70$8VIS$98034$aORPH$bORPH$cKTS1_H$d2020-07-08$eKoopman$i18C03$l0$oVIS HART$p20124998$r2021-01-12 00:00:00$w2021-01-12$yBOO$OKoopman
=999  \\$d8038

