=LDR  00579cam a22001694a 4500
=001  8039
=005  20230302123844.0
=008  050411s2004\\\\ne\\\\\\\\\\\\000\1\dut\\
=020  \\$a9062655696
=040  \\$aOI
=100  \\$aHartevelt, Hans van$d1953-$911423
=245  13$aDe kwelling :$broman /$cHans van Hartevelt.
=260  \\$aHaarlem :$bIn de Knipscheer,$cc2004.
=300  \\$a217 p. ;$c20 cm.
=942  \\$cBOO
=952  \\$00$10$2ddc$40$6LIT_HART_A$70$8LIT$98035$aORPH$bORPH$cKM12_2_H$d2020-07-08$eKoopman$i41D05$oLIT HART a$p20120166$r2021-01-12 00:00:00$w2021-01-12$yBOO
=999  \\$c8039$d8039

