=LDR  00612cam a22001815a 4500
=001  8040
=005  20230302123844.0
=008  020926s2002\\\\ne\\\\\\\\\\\\000\1\dut\\
=020  \\$a9062655327
=040  \\$aOI
=100  \\$aHartevelt, Hans van$d1953-$911423
=245  10$aIn passie verdronken :$broman /$cHans van Hartevelt.
=250  \\$a1. uitg.
=260  \\$aHaarlem :$bIn de Knipscheer,$c2002.
=300  \\$a223 p. ;$c20 cm.
=942  \\$cBOO
=952  \\$00$10$2ddc$40$6LIT_HART_A$70$8LIT$98036$aORPH$bORPH$cKM12_2_H$d2020-07-08$eKoopman$i23G54$oLIT HART a$p20125723$r2021-01-12 00:00:00$w2021-01-12$yBOO
=999  \\$c8040$d8040

