=LDR  01325aam a2200277   4500
=001  8043
=008  241218s2017\\\\|||fa|||\||||\00|\0\mul\d
=020  \\$a9783741921117
=041  \\$adut$afre$aeng$ager$aita$aspa
=100  \\$aHasekamp, Uta$911426$4aut
=245  \\$aVlaamse en Hollandse schilderkunst van de barok
=246  \1$aFlemish and Dutch Baroque Painting
=246  \1$aLa Peinture Flamande et Hollandaise Baroque
=246  \1$aFlämische und Holländische Malerei des Barock
=246  \1$aPintura Flamenca y Holandesa del Barocco
=246  \1$aLa Pittura Fiamminga e Olandese des Barocco
=260  \\$c2017$aParis$bKöneman$bEditions Place des Victoires
=300  \\$a280 pages
=648  \0$a17th Century (1601-1700)$1http://www.wikidata.org/entity/Q7016$920923
=648  \0$a18th Century (1701-1800)$1http://www.wikidata.org/entity/Q7015$920899
=650  \0$aFine art$1http://www.wikidata.org/entity/Q219625$921579
=651  \0$aFlanders (Belgium)$1http://www.wikidata.org/entity/Q234$989
=651  \0$aNetherlands$1http://www.wikidata.org/entity/Q55$1http://www.wikidata.org/entity/Q29999$9173
=942  \\$cBOO
=952  \\$00$10$2ddc$40$6TOP_BE_FLA_5_000000000000000$70$8TOP$98039$aORPH$bORPH$cKTS0$d2020-07-08$eKoopman$i47G23$l0$oTOP BE.FLA 5$p20121526$r2021-01-12 00:00:00$w2021-01-12$yBOO$OKoopman
=999  \\$d8043

