=LDR  00353    a2200109   4500
=001  8044
=100  \\$aHaselbach, R.$911427
=245  \\$aGiovanni Battista Bassani
=260  \\$c1955
=942  \\$cBOO
=952  \\$00$10$2ddc$40$6BIO_BASS_D$70$8BIO$98040$aORPH$bORPH$cKTS1_P$d2020-07-08$eKoopman$i32C14$oBIO BASS d$p20122906$r2021-01-12 00:00:00$w2021-01-12$yBOO
=999  \\$c8044$d8044

