=LDR  01157aam a2200253   4500
=001  8045
=005  20250920142035.0
=008  220208s1972\\\\gw\aho||\||||\00|\0\ger\d
=020  \\$a385171055X
=041  \\$ager
=100  \\$aHaselböck, Hans$4aut$911428
=245  \\$aBarocker Orgelschatz in Niederösterreich
=260  \\$aBerlin$aVienna$bManutiuspresse$c1972
=300  \\$a185 pages
=590  \\$aMit 12 Federzeichnungen von Hubert Hölzl, 32 Bildtafeln, davon 8 in Farben, 1 Karte, 6 Testillustrationen, 2 Faksimilebeilagen
=648  \0$a18th Century (1701-1800)$1http://www.wikidata.org/entity/Q7015$920899
=650  \0$aOrgan$1http://www.wikidata.org/entity/Q1444$92810
=650  \0$aOrganology$1http://www.wikidata.org/entity/Q899293$921400
=650  \0$aOrganist$1http://www.wikidata.org/entity/Q765778$94471
=650  \0$aBasso continuo$1http://www.wikidata.org/entity/Q724321$921065
=651  \0$aAustria$1http://www.wikidata.org/entity/Q40$9202
=942  \\$cBOO
=952  \\$00$10$2ddc$40$6INS_3_000000000000000_1A_AT$70$8INS$98041$aORPH$bORPH$cKTS0$d2020-07-08$eKoopman$i24A63$oINS3.1a AT$p20128756$r2021-01-12 00:00:00$w2021-01-12$yBOO
=999  \\$d8045

