=LDR  00954aam a2200217   4500
=001  8047
=005  20250925143258.0
=008  250227s1988\\\\||||||||\||||\00|\0\eng\d
=041  \\$aeng
=100  \\$aHaskell, H.$4aut$911430
=245  \\$aThe Early Music Revival:$bA History
=260  \\$aLondon$bThames and Hudson$c1988
=300  \\$a232 pages
=648  \0$a19th Century (1801-1900)$1http://www.wikidata.org/entity/Q6955$920935
=648  \0$a20th Century (1901-2000)$1http://www.wikidata.org/entity/Q6927$920936
=650  \0$aEarly music$1http://www.wikidata.org/entity/Q436016$93160
=650  \0$aHistorically informed performance$1http://www.wikidata.org/entity/Q1344860$920980
=650  \0$aMusic history$1http://www.wikidata.org/entity/Q846047$921373
=942  \\$cBOO
=952  \\$00$10$2ddc$40$6MTP_2_000000000000000_HASK$70$8MTP$98043$aORPH$bORPH$cKM12_1$d2020-07-08$eKoopman$i30F39$l0$oMTP2 HASK$p20123293$r2021-01-12 00:00:00$w2021-01-12$yBOO
=999  \\$d8047

