=LDR  00768aam a2200193   4500
=001  8048
=008  220117s1975\\\\nl\f||||\||||\00|\0\dut\d
=041  \\$adut
=100  \\$aHaspels, Jan Jaap$4aut$911432
=245  \\$aMuziek op rolletjes
=260  \\$aAmsterdam$bRomke de Waard$c1975
=300  \\$a32 pages
=336  \\$aprinted
=650  \1$aAutomaton$1http://www.wikidata.org/entity/Q787116$923484
=650  \0$aMechanical device$1http://www.wikidata.org/entity/Q1882685$92247
=650  \0$aMechanical musical instrument$1http://www.wikidata.org/entity/Q8614972$926213
=942  \\$cBOO
=952  \\$00$10$2ddc$40$6INS_10_000000000000000_9A_HASP$70$8INS$98044$aORPH$bORPH$cKTS0$d2020-07-08$eKoopman$i20D26$oINS10.9a HASP$p20125311$r2021-01-12 00:00:00$w2021-01-12$yBOO
=999  \\$d8048

