=LDR  01292aam a2200265   4500
=001  8049
=005  20251003085457.0
=008  220124s1987\\\\nl\o||||\||||\00|\0\eng\d
=041  \\$aeng
=100  \\$aHaspels, Jan Jaap$4aut$911432
=245  \\$aAutomatic Musical Instruments.$bTheir Mechanics and their Music 1580-1820
=260  \\$c1987$aZutphen
=300  \\$a275 pages
=505  \\$gPrinted Doctoral Dissertation. Summary in Dutch
=648  \0$a16th Century (1501-1600)$1http://www.wikidata.org/entity/Q7017$920944
=648  \0$a17th Century (1601-1700)$1http://www.wikidata.org/entity/Q7016$920923
=648  \0$a18th Century (1701-1800)$1http://www.wikidata.org/entity/Q7015$920899
=648  \0$a16th Century (1501-1600)$1http://www.wikidata.org/entity/Q7017$920944
=650  \0$aCatalogue$1http://www.wikidata.org/entity/Q2352616$921484
=650  \1$aAutomaton$1http://www.wikidata.org/entity/Q787116$923484
=650  \0$aMechanical device$1http://www.wikidata.org/entity/Q1882685$92247
=650  \0$aMechanical musical instrument$1http://www.wikidata.org/entity/Q8614972$926213
=942  \\$cBOO
=952  \\$00$10$2ddc$40$6INS_10_000000000000000_9A_HASP$70$8INS$98045$aORPH$bORPH$cKTS0$d2020-07-08$eKoopman$i21A41$oINS10.9a HASP$p20128358$r2021-01-12 00:00:00$w2021-01-12$yBOO
=999  \\$d8049

