=LDR  00583    a2200193   4500
=001  8051
=003  OSt
=005  20230123091938.0
=008  210209b\\\\\\\\\\\|||||\||||\00|\0\eng\d
=020  \\$a9060153308
=040  \\$cST
=041  \\$adut
=100  \\$aHasper, H.$4aut$911433
=245  \\$aCalvijns beginsel voor de zang in de eredienst.$bDeel 2
=260  \\$c1976
=300  \\$a1147 pages
=942  \\$cBOO$2ddc
=952  \\$00$10$2ddc$40$6GEN_3_000000000000000$70$8GEN$98047$aORPH$bORPH$cKM12_1$d2020-07-08$eKoopman$l0$oGEN 3$p20122939$r2021-01-12 00:00:00$w2021-01-12$yBOO
=999  \\$c8051$d8051

