=LDR  00769aam a2200181   4500
=001  8052
=005  20251001162312.0
=008  230830s1947\\\\||||||||\||||\00|\0\ger\d
=041  \\$ager
=100  \\$aHassan, Ismail Izzet$911434$4aut
=245  \\$aDie Welt- und Kunstanschauung Hans Georg Nägelis mit besonderer Berücksichtigung der Musik
=260  \\$c1947$aZurich$bJuris
=300  \\$a176 pages
=600  10$1http://www.wikidata.org/entity/Q672548$aNägeli, Hans Georg$d1773-1836$95405
=650  \0$1http://www.wikidata.org/entity/Q2092865$aMusic philosophy and aesthetics$921165
=942  \\$cBOO
=952  \\$00$10$2ddc$40$6BIO_NÄGE_E$70$8BIO$98048$aORPH$bORPH$cKTS1_P$d2020-07-08$eKoopman$i33F37$oBIO NÄGE e$p20120881$r2021-01-12 00:00:00$w2021-01-12$yBOO$OKoopman
=999  \\$d8052

