=LDR  01522acm a2200277   4500
=001  8055
=008  220902s1973\\\\|||||a||\||||\00|\0\mul\d
=041  \\$ager$dita
=100  \\$aHasse, Johann Adolf$d1699-1783$4cmp$1http://www.wikidata.org/entity/Q164732$94966
=245  \\$aRuggiero ovvero L'Eroica gratitudine
=260  \\$aCologne$bVolk$bGerig$c1973
=300  \\$axiv-482 pages, [4] pages of plates$bfacsimiles
=490  \\$aConcentus musicus. Veröffentlichungen der musikgeschichtlichen Abteilung des Deutschen Historischen Instituts in Rom$vI
=534  \\$aPremiered at the Teatro Regio Ducal, Milan, 1771
=600  \0$aAriosto, Lodovico$d1474-1533$1http://www.wikidata.org/entity/Q48900$99156
=610  \0$aTeatro Regio Ducal (Milan, Italy)$1http://www.wikidata.org/entity/Q3277167$924822
=610  \0$aHouse of Habsburg$1http://www.wikidata.org/entity/Q65968$922829
=610  \0$aHouse of Este$1http://www.wikidata.org/entity/Q36927672$924638
=648  \0$a18th Century (1701-1800)$1http://www.wikidata.org/entity/Q7015$920899
=650  \0$aOpera$1http://www.wikidata.org/entity/Q1344$92468
=651  \0$aMilan (Italy)$1http://www.wikidata.org/entity/Q490$9271
=700  \\$4lbt$aMetastasio, Pietro$d1698-1782$1http://www.wikidata.org/entity/Q29473$96031
=700  \\$4edt$aHortschansky, Klaus$911694
=942  \\$cSCO
=952  \\$00$10$2ddc$40$6SCO_HASS$70$8SCO$98051$aORPH$bORPH$cKTS1_P$d2020-07-08$eKoopman $iW.1237$l1$oSCO HASS$p20121758$r2022-09-05 00:00:00$s2022-08-11$w2021-01-12$ySCO$OW.1237-I
=999  \\$d8055

