=LDR  00743acm a2200169   4500
=001  8060
=008  220810s1894\\\\|||||a||\||||\00|\0\mul\d
=041  \\$ager$dlat
=100  \\$aHaßler, Hans Leo$d1564-1612$4cmp$1http://www.wikidata.org/entity/Q164882$96033
=245  \\$aCantiones sacræ de festis præcipuis totuis ani
=260  \\$aLeipzig$bBreitkopf & Härtel$c1894
=490  \\$aHans Leo Hasslers Werke$v1$aDenkmäler Deutscher Tonkunst$v2
=650  \0$aChurch music$1http://www.wikidata.org/entity/Q8812109$92283
=700  \\$4edt$aGehrmann, H.$924635
=942  \\$cSCO
=952  \\$00$10$2ddc$40$6SCO_DDT$70$8SCO$98056$aORPH$bORPH$cKTS1_P$d2020-07-08$eKoopman$iWG.0013-02$l0$oSCO DDT$p20121553$r2021-01-12 00:00:00$w2021-01-12$ySCO$OW.0013-2
=999  \\$d8060

