=LDR  00349    a2200109   4500
=001  8063
=100  \\$aHauert, R.$911444
=245  \\$aPierre Fournier
=260  \\$c1955
=942  \\$cBOO
=952  \\$00$10$2ddc$40$6BIO_FOUR_E$70$8BIO$98059$aORPH$bORPH$cKTS1_P$d2020-07-08$eKoopman$i47A25$oBIO FOUR e$p20123757$r2021-01-12 00:00:00$w2021-01-12$yBOO$OKoopman
=999  \\$c8063$d8063

