=LDR  00716aam a2200169   4500
=001  8064
=008  230130s1961\\\\||||||||\||||\00|\0\dut\d
=041  \\$adut$hger
=100  \\$aHauff, Wilhelm$d1802-1827$4aut$1http://www.wikidata.org/entity/Q57966$925689
=245  \\$aSprookjes van Hauff
=260  \\$aUtrecht$bPrisma$c1961
=648  \0$a19th Century (1801-1900)$1http://www.wikidata.org/entity/Q6955$920935
=650  \0$aFairy tale$1http://www.wikidata.org/entity/Q699$94594
=651  \0$aGermany$1http://www.wikidata.org/entity/Q183$9155
=942  \\$cBOO
=952  \\$00$10$2ddc$40$6LIT_HAUF_A$70$8LIT$98060$aORPH$bORPH$cKM12_2_H$d2020-07-08$eKoopman$i40A23$oLIT HAUF a$p20130262$r2021-01-12 00:00:00$w2021-01-12$yBOO
=999  \\$d8064

