=LDR  01026aam a2200229   4500
=001  8065
=008  230324s1964\\\\||||||||\||||\00|\0\ger\d
=041  \\$ager
=100  \\$aHauntinger, Johann Nepomuk$d1756-1823$4aut$1http://www.wikidata.org/entity/Q1695653$911446
=245  \\$aReise durch Schwaben und Bayern im Jahre 1784
=260  \\$aWeißenhorn$bKonrad$c1964
=300  \\$a215 pages
=610  \0$aBenedictines$921364
=648  \0$a18th Century (1701-1800)$1http://www.wikidata.org/entity/Q7015$920899
=650  \0$aTravel$1http://www.wikidata.org/entity/Q61509$94440
=650  \0$aDiary$1http://www.wikidata.org/entity/Q185598$921711
=651  \0$aUpper Swabia (Germany)$1http://www.wikidata.org/entity/Q445702$923319
=651  \0$aBavaria (Germany)$1http://www.wikidata.org/entity/Q980$9228
=700  \\$4edt$4win$aSpahr, Gebhard$923742
=942  \\$cBOO
=952  \\$00$10$2ddc$40$6BIO_HAUN_A$70$8BIO$98061$aORPH$bORPH$cKTS1_P$d2020-07-08$eKoopman$i44E08$oBIO HAUN a$p20126589$r2021-01-12 00:00:00$w2021-01-12$yBOO
=999  \\$d8065

