=LDR  02072aam a2200241   4500
=001  8066
=008  250128s1889\\\\||||||||\||||\00|\0ager\d
=041  \\$ager
=100  \\$aHauntinger, Johann Nepomuk$d1756-1823$1http://www.wikidata.org/entity/Q1695653$911446
=245  \\$aSüddeutsche Klöster vor hundert Jahren.$bReise-Tagebuch des P. Nepumuk Hauntinger, O.S.B. Bibliothekar von St. Gallen
=260  \\$c1889$aCologne$bBachem
=300  \\$ax-114 pages
=500  \\$aFrom 1780 to 1823, the monk Johann Nepomuk Hauntinger was the librarian at the Swiss Benedictine Abbey of St. Gallen. Mainly to expand his library knowledge  he took a four-week literary trip to the Bavarian and Swabian monasteries in July and August 1784 with Abbot Pankraz Vorster and Father Beda Pracher .Hauntinger kept a diary about this trip, which provides a unique insight into this time. Amongst others his travel journal describes the natural history cabinet at the Benedictine Abbey of Petershausen, the church architecture and library collection at the Cistercian Abbey at Salem, and the library at the Premonstratensian Abbey in Schussenried. The journal conveys an overall sense of the intellectual atmosphere at South German cloisters in the late eighteenth century. Additionally, it provides information on the types of collections they housed and describes the intellectual networks of monk-scholars such as Hauntinger. 
=648  \0$1http://www.wikidata.org/entity/Q7015$920899$a18th Century (1701-1800)
=650  \0$aDiary$1http://www.wikidata.org/entity/Q185598$921711
=650  \0$aLibrary$1http://www.wikidata.org/entity/Q7075$94229
=650  \0$aTravel$1http://www.wikidata.org/entity/Q61509$94440
=650  \0$aMonastery$1http://www.wikidata.org/entity/Q44613$926216
=651  \0$aGermany$1http://www.wikidata.org/entity/Q183$9155
=700  \\$aMeier, Gabriel$4edt$939587
=942  \\$cBOO
=952  \\$00$10$2ddc$40$6TOP_DE_5_000000000000000$70$8TOP$98062$aORPH$bORPH$cKTS0$d2020-07-08$eKoopman$i47C29$l0$oTOP DE 5$p20123725$r2021-01-12 00:00:00$w2021-01-12$yBOO$OKoopman
=999  \\$d8066

