=LDR  00362    a2200109   4500
=001  8067
=100  \\$aHausner, H. H.$911448
=245  \\$aFranz Xaver Süßmayr
=260  \\$c1964
=942  \\$cBOO
=952  \\$00$10$2ddc$40$6BIO_SUSS_D$70$8BIO$98063$aORPH$bORPH$cKTS1_P$d2020-07-08$eKoopman$i41D15$l0$oBIO SUSS d$p20120156$r2021-01-12 00:00:00$w2021-01-12$yBOO$OKoopman
=999  \\$c8067$d8067

