=LDR  01069aam a2200217   4500
=001  8069
=008  250606s1951\\\\|||g||||\||||\00|\0\ger\d
=041  \\$ager
=100  \\$aHausswald, Günter$920870$4aut
=245  \\$aMozarts Serenaden.$bEin Beitrag zur Stilkritik des 18. Jahrhunderts
=260  \\$aLeipzig$bBreitkopf & Härtel$c1951
=600  \0$aMozart, Wolfgang Amadeus$d1756-1791$1http://www.wikidata.org/entity/Q254$95341
=648  \0$a18th Century (1701-1800)$1http://www.wikidata.org/entity/Q7015$920899
=650  \0$aSerenade$1http://www.wikidata.org/entity/Q215911$926846
=650  \0$aOrchestral music$1http://www.wikidata.org/entity/Q3328774$924356
=650  \0$aMusic history$1http://www.wikidata.org/entity/Q846047$921373
=650  \0$aMusical analysis$1http://www.wikidata.org/entity/Q1544924$92775
=651  \0$aAustria$1http://www.wikidata.org/entity/Q40$9202
=942  \\$cBOO
=952  \\$00$10$2ddc$40$6BIO_MOZA1_E$70$8BIO$98065$aORPH$bORPH$cKTS1_P$d2020-07-08$eKoopman$i23A08$oBIO MOZA1 e$p20128478$r2021-01-12 00:00:00$w2021-01-12$yBOO$OKoopman
=999  \\$d8069

