=LDR  01049    a2200253   4500
=001  8070
=005  20250926134855.0
=008  210712e1958\\\\\\\||nn|\||||\00|\0\ger\d
=040  \\$aMB
=041  \\$ager
=100  \\$aBach, Johann Sebastian$d1685-1750$4cmp$1http://www.wikidata.org/entity/Q1339$94766
=245  \\$aKritischer Bericht: Werke für Violine
=260  \\$c1958$aGermany$bDeutscher Verlag für Musik Leipzig
=300  \\$a212 pages$bmusic
=336  \\$aprinted
=490  \\$aNeue Ausgabe Sämtlicher Werke$vSerie VI: 1
=648  \0$a18th Century (1701-1800)$1http://www.wikidata.org/entity/Q7015$920899
=650  \0$aLute$1http://www.wikidata.org/entity/Q180733$93944
=651  \0$aGermany$1http://www.wikidata.org/entity/Q183$9155
=700  \\$4edt$aHausswald, Günter$920870
=700  \\$4edt$aGerber, Rudolf$d1899-1957$1http://www.wikidata.org/entity/Q2172730$921917
=942  \\$cSCO
=952  \\$00$10$2ddc$40$6SCO_BACH1$70$8SCO$98066$aORPH$bORPH$cKTS1_P$d2020-07-08$eKoopman$l0$oSCO BACH1$p20123489$r2021-01-12 00:00:00$ySCO
=999  \\$d8070

