=LDR  01164cam a22002651  4500
=001  8071
=005  20250121142123.0
=008  780607s1937\\\\gw\ag\\\\b\\\\001\0bger\\
=040  \\$aOI
=041  \\$ager
=100  \\$aHausswald, Günter$d1908-1974$4aut$920870
=245  00$aJohann David Heinichens Instrumentalwerke
=260  \\$aDresden$bLiepsch & Reichardt$c1937
=300  \\$a172 p. :$btabs., music ;$c22 cm.
=500  \\$aLebenslauf.
=500  \\$a"Die Dissertation erscheint gleichzeitig im Verlag von Georg Kallmeyer in Wolfenbüttel und Berlin."
=502  \\$aInaug.-diss.--Leipzig.
=504  \\$a"Werkverzeichnis": p. 148-168.
=600  \0$aHeinichen, Johann David$d1683-1729$1http://www.wikidata.org/entity/Q506627$95215
=648  \0$a18th Century (1701-1800)$1http://www.wikidata.org/entity/Q7015$920899
=650  \0$aInstrumental music$1http://www.wikidata.org/entity/Q639197$92106
=651  \0$aDresden (Germany)$1http://www.wikidata.org/entity/Q1731$947
=942  \\$cBOO
=952  \\$00$10$2ddc$40$6BIO_HEIN_E$70$8BIO$98067$aORPH$bORPH$cKTS1_P$d2020-07-08$eKoopman$i44E02$l0$oBIO HEIN e$p20126595$r2021-01-12 00:00:00$w2021-01-12$yBOO
=999  \\$c8071$d8071

