=LDR  01277cam a22002774a 4500
=001  8073
=005  20250120120241.0
=008  010412s2000\\\\ne\ab\\\\bk\\\001\0bdut\\
=020  \\$a9056901710
=040  \\$aOI
=041  \\$adut
=100  \\$aHavelaar, Leendert$4aut$911453
=245  10$aJan Pieterszoon Sweelinck (Deventer 1562-Amsterdam 1621):$b"de phoenix der musycke" (Vondel)
=260  \\$aEpe$bNiesje Wolters van Bemmel$c2000
=300  \\$a93 pages$billustrations, 2 maps$c24 cm
=504  \\$aIncludes discography (p. 79-85) and bibliographical references (p. 87-90).
=561  \\$aEx libris Laura Dobbenga
=600  \0$aSweelinck, Jan Pieterszoon$d1562-1621$1http://www.wikidata.org/entity/Q110294$911454
=648  \0$a17th Century (1601-1700)$1http://www.wikidata.org/entity/Q7016$920923
=650  \0$aComposer$1http://www.wikidata.org/entity/Q36834$93625
=650  \0$aOrganist$1http://www.wikidata.org/entity/Q765778$94471
=650  \0$aBiography$1http://www.wikidata.org/entity/Q36279$91927
=651  \0$aAmsterdam (Netherlands)$1http://www.wikidata.org/entity/Q727$9135
=942  \\$cBOO
=952  \\$00$10$2ddc$40$6BIO_SWEE1_D$70$8BIO$98069$aORPH$bORPH$cKTS1_P$d2020-07-08$eKoopman$i44B26$l0$oBIO SWEE1 d$p20126687$r2021-01-12 00:00:00$w2021-01-12$yBOO
=999  \\$d8073

