=LDR  01368aam a2200253   4500
=001  8077
=008  210516r19981770\\\h||||\||||\00|\0\eng\d
=041  \\$aeng
=100  \\$aHawkins, John$d1719-1789$1http://www.wikidata.org/entity/Q661076$95399
=245  \\$aAn Account of the Institution and Progress of the Academy of Ancient Music:$bWith a comparative view of the music of the past and present times 1770
=260  \\$aCambridge$bCambridge University Press$c1998
=300  \\$a[xiv]-24-[4] pages
=533  \\$aOriginally published in 1770
=534  \\$cLondon, 1770
=590  \\$aWith an introduction and notes by Christopher Hogwood
=610  \0$aAcademy of Ancient Music (London, United Kingdom)$1http://www.wikidata.org/entity/Q337310$921512
=648  \0$a18th Century (1701-1800)$1http://www.wikidata.org/entity/Q7015$920899
=650  \0$aMusic history$1http://www.wikidata.org/entity/Q846047$921373
=650  \0$aInstitution$1http://www.wikidata.org/entity/Q178706$94241
=651  \0$aLondon (United Kingdom)$1http://www.wikidata.org/entity/Q84$9123
=700  \\$4win$4cmm$aHogwood, Christopher$d1941-2014$1http://www.wikidata.org/entity/Q435198$918287
=942  \\$cBOO
=952  \\$00$10$2ddc$40$6TOP_GB_LON_5_000000000000000$70$8TOP$98073$aORPH$bORPH$cKTS0$d2020-07-08$eKoopman$i22D42$l0$oTOP GB.LON 5$p20128436$r2021-01-12 00:00:00$w2021-01-12$yBOO
=999  \\$d8077

