=LDR  01311acm a2200253   4500
=001  8105
=008  230329s1963\\\\||||||||\||||\00|\0\\\\\d
=041  \\$ager$eita
=100  \\$aHaydn, Joseph$d1732-1809$4cmp$1http://www.wikidata.org/entity/Q7349$94783
=245  \\$aIl Ritorno di Tobia
=260  \\$aMunich$bHenle$c1963
=300  \\$a2 vols.
=490  \\$aJoseph Haydn Werke$vXXVIII/1
=534  \\$aPremiered in Vienna on 2 April 1775, under the sponsorship of the Tonkünstler-Societät
=648  \0$a18th Century (1701-1800)$1http://www.wikidata.org/entity/Q7015$920899
=650  \0$aOratorio$1http://www.wikidata.org/entity/Q85477$91825
=650  \0$aOld Testament$1http://www.wikidata.org/entity/Q19786$923499
=651  \0$aVienna (Austria)$1http://www.wikidata.org/entity/Q1741$920937
=700  \\$4lbt$aBoccherini, Giovanni Gastone$d1742-1798$1http://www.wikidata.org/entity/Q16559986$925967
=700  \\$4edt$aSchmid, Ernst Fritz$d1904-1960$913891
=942  \\$cSCO
=952  \\$00$10$2ddc$3Soft cover$40$6SCO_HAYD$70$8SCO$98099$aORPH$bORPH$cKTS1_P$d2020-07-08$eKoopman$l0$oSCO HAYD$p20123921$r2021-01-12 00:00:00$w2021-01-12$ySCO
=952  \\$00$10$2ddc$3Hard cover$40$6SCO_HAYD$70$8SCO$98100$aORPH$bORPH$cKTS1_P$d2020-07-08$eKoopman$l0$oSCO HAYD$p20123922$r2021-01-12 00:00:00$w2021-01-12$ySCO
=999  \\$d8105

