=LDR  01041aam a2200217   4500
=001  8111
=005  20250926134855.0
=008  230217s1984\\\\||||||||\||||\00|\0\eng\d
=041  \\$aeng
=100  \\$aHaynes, Bruce$d1942-2011$4aut$1http://www.wikidata.org/entity/Q4977636$911462
=245  \\$aBach's Pitch Standards:$bQuestions of Tonality for the Oboe and other Woodwinds
=260  \\$c1984
=600  \0$aBach, Johann Sebastian$d1685-1750$1http://www.wikidata.org/entity/Q1339$94766
=648  \0$a18th Century (1701-1800)$1http://www.wikidata.org/entity/Q7015$920899
=650  \0$aTuning$1http://www.wikidata.org/entity/Q858576$921655
=650  \0$aPerforming pitch$1http://www.wikidata.org/entity/Q1571955$922130
=650  \0$aConcert pitch$1http://www.wikidata.org/entity/Q1571955$923405
=651  \0$aGermany$1http://www.wikidata.org/entity/Q183$9155
=942  \\$cBOO
=952  \\$00$10$40$6BIO_BACH1_E$70$8BIO$98106$aORPH$bORPH$cKTS1_P$d2020-07-08$eKoopman$i19A23$oBIO BACH1 e$p20125157$r2021-01-12 00:00:00$w2021-01-12$yBOO$OKoopman
=999  \\$d8111

