=LDR  01063    a2200193   4500
=001  8113
=008  210917s1995\\\\||||||||\||||\00|\0\eng\d
=041  \\$aeng
=100  \\$aHaynes, Bruce$d1942-2011$4aut$1http://www.wikidata.org/entity/Q4977636$911462
=245  \\$aPitch Standards in the Baroque and Classical periods
=260  \\$aMontreal$bUniversité de Montréal$c1995
=300  \\$a2 vols. (380+264 pages)
=648  \0$a17th Century (1601-1700)$1http://www.wikidata.org/entity/Q7016$920923
=648  \0$a18th Century (1701-1800)$1http://www.wikidata.org/entity/Q7015$920899
=650  \0$aPerforming pitch$1http://www.wikidata.org/entity/Q1571955$922130
=942  \\$cBOO
=952  \\$00$10$2ddc$3Vol. I: Thesis$40$6MTP_2_000000000000000_HAYN$70$8MTP$98108$aORPH$bORPH$cKM12_1$d2020-07-08$eKoopman$i21A02$oMTP2 HAYN$p20128343$r2021-01-12 00:00:00$w2021-01-12$yBOO
=952  \\$00$10$2ddc$3Vol. II: Appendices$40$6MTP_2_000000000000000_HAYN$70$8MTP$98109$aORPH$bORPH$cKM12_1$d2020-07-08$eKoopman$i21A02$oMTP2 HAYN$p20128342$r2021-01-12 00:00:00$w2021-01-12$yBOO
=999  \\$d8113

