=LDR  00911cam a22002174a 4500
=001  8116
=005  20250120120028.0
=008  020606s2002\\\\mdua\\\\\b\\\\001\0\eng\\
=020  \\$a0810841851 (alk. paper)
=040  \\$aOI
=041  \\$aeng
=100  \\$aHaynes, Bruce$d1942-2011$4aut$1http://www.wikidata.org/entity/Q4977636$911462
=245  12$aA History of Performing Pitch:$bThe Story of "A"
=260  \\$aLanham, MD$bScarecrow$c2002
=300  \\$axii, 568 pages.$bill. ;$c24 cm.
=504  \\$aIncludes bibliographical references (p. [513]-548) and index.
=650  \0$aPerforming pitch$1http://www.wikidata.org/entity/Q1571955$922130
=650  \0$aTemperament$1http://www.wikidata.org/entity/Q55073971$921656
=942  \\$cBOO
=952  \\$00$10$2ddc$40$6MTP_2_000000000000000_HAYN$70$8MTP$98111$aORPH$bORPH$cKM12_1$d2020-07-08$eKoopman$i23F49$oMTP 2 HAYN$p20128658$r2021-01-12 00:00:00$w2021-01-12$yBOO
=999  \\$d8116

