=LDR  00899aam a2200205   4500
=001  8119
=005  20250922162919.0
=008  250428s1968\\\\|||a||||\||||\001\0\eng\d
=041  \\$aeng
=100  \\$aHeal, A.$911464$4aut
=245  \\$aLondon Tradesmen's Cards of the XVIII Century.$bAn Account of their Origin and Use
=260  \\$aNew York, NY$bDover$c1968
=300  \\$aviii-110 pages
=648  \0$a18th Century (1701-1800)$1http://www.wikidata.org/entity/Q7015$920899
=650  \0$aTrade$1http://www.wikidata.org/entity/Q601401$923616
=650  \0$aIconography$1http://www.wikidata.org/entity/Q208145$921259
=651  \0$aLondon (United Kingdom)$1http://www.wikidata.org/entity/Q84$9123
=942  \\$cBOO
=952  \\$00$10$2ddc$40$6TOP_GB_LON_5_000000000000000$70$8TOP$98114$aORPH$bORPH$cKTS0$d2020-07-08$eKoopman$i18C21$l0$oTOP GB.LON 5$p20127081$r2021-01-12 00:00:00$w2021-01-12$yBOO$OKoopman
=999  \\$d8119

