=LDR  01193nam a2200241 a 4500
=001  8120
=008  230131s1921\\\\\\\\\\\\\\\\\\\\\\0aeng\d
=041  \\$aeng
=100  \\$aHearne, Thomas$d1678-1735$1http://www.wikidata.org/entity/Q3525193$4aut$96933
=245  \0$aRemarks and Collections of Thomas Hearne, Suum cuique$nVol. XI$p(Dec. 9, 1731 - June 10, 1735)
=260  \\$aOxford$bClarendon$c1921
=490  \\$aOxford Historical Society$vLXXII
=561  \\$aEx libris Athenaeum Minneapolis
=610  \0$aBodleian Library (Oxford, United Kingdom)$1http://www.wikidata.org/entity/Q82133$926781
=648  \0$a18th Century (1701-1800)$1http://www.wikidata.org/entity/Q7015$920899
=650  \0$aBiography$1http://www.wikidata.org/entity/Q36279$91927
=650  \0$aLibrary$1http://www.wikidata.org/entity/Q7075$94229
=650  \0$aAntiquarianism$1http://www.wikidata.org/entity/Q56418598$93233
=651  \0$aUnited Kingdom$1http://www.wikidata.org/entity/Q21$9273
=700  \\$aSalter, H. E.$4edt$926780
=942  \\$cBOO
=952  \\$00$10$2ddc$40$6BIO_HEAR_D$70$8BIO$98115$aORPH$bORPH$cKTS1_P$d2020-07-08$eKoopman$i43F16$oBIO HEAR d$p20126465$r2021-01-12 00:00:00$w2021-01-12$yBOO$OKoopman
=999  \\$d8120

