=LDR  00923aam a2200193   4500
=001  8123
=008  220901s1951\\\\||||||||\||||\00|\0\ger\d
=041  \\$ager
=100  \\$aHedar, J.$4aut$911469
=245  \\$aDietrich Buxtehudes Orgelwerke:$bZur Geschichte des Norddeutschen Orgelstils
=260  \\$aFrankfurt a.M.$bWilhelmiana Musikverlag$c1951
=600  \0$aBuxtehude, Dietrich$d1637-1707$1http://www.wikidata.org/entity/Q153637$910062
=648  \0$a17th Century (1601-1700)$1http://www.wikidata.org/entity/Q7016$920923
=650  \0$aOrgan music$1http://www.wikidata.org/entity/Q2003283$91951
=650  \0$aMusical analysis$1http://www.wikidata.org/entity/Q1544924$92775
=651  \0$aGermany$1http://www.wikidata.org/entity/Q183$9155
=942  \\$cBOO
=952  \\$00$10$2ddc$40$6BIO_BUXT_E$70$8BIO$98118$aORPH$bORPH$cKTS1_P$d2020-07-08$eKoopman$i32C41$oBIO BUXT e$p20122878$r2021-01-12 00:00:00$w2021-01-12$yBOO$OKoopman
=999  \\$d8123

