=LDR  00366    a2200109   4500
=001  8124
=100  \\$aHederer, E.$911470
=245  \\$aDas deutsche Gedicht : Vom Mittelalter
=260  \\$cs.d.
=942  \\$cBOO
=952  \\$00$10$2ddc$40$6LIT_HEDE_A$70$8LIT$98119$aORPH$bORPH$cKM12_2_H$d2020-07-08$eKoopman$i40B07$oLIT HEDE a$p20120326$r2021-01-12 00:00:00$w2021-01-12$yBOO
=999  \\$c8124$d8124

