=LDR  00821    a2200217   4500
=001  8125
=008  220516s1992\\\\fr\af|||\||||\00|\0\fre\d
=022  \\$a11576766
=041  \\$afre
=100  \\$aHédin, Bernard$4aut$911471
=245  \\$aOrgues en Nord/Pas de Calais
=260  \\$c1992$aStrasbourg$bOberlin
=300  \\$a65 pages
=336  \\$aprinted
=610  \0$aFédération francophone des amis de l'orgue$924201
=650  \0$aOrgan$1http://www.wikidata.org/entity/Q1444$92810
=650  \0$aOrganology$1http://www.wikidata.org/entity/Q899293$921400
=651  \0$aFrance$1http://www.wikidata.org/entity/Q142$9131
=942  \\$cBOO
=952  \\$00$10$2ddc$40$6INS_3_000000000000000_1A_FR_CAL$70$8INS$98120$aORPH$bORPH$cKTS0$d2020-07-08$eKoopman$i18D56$oINS3.1a FR.CAL$p20125018$r2021-01-12 00:00:00$w2021-01-12$yBOO
=999  \\$d8125

