=LDR  00363    a2200109   4500
=001  8129
=100  \\$aHeidrich, J.$4aut$911476
=245  \\$aDer Meier-Mattheson-Disput
=260  \\$c1995
=942  \\$cBOO$2ddc
=952  \\$00$10$2ddc$40$6BIO_MATT_F$70$8BIO$98124$aORPH$bORPH$cKTS1_P$d2020-07-08$eKoopman$i22E27$oBIO MATT f$p20128878$r2021-01-12 00:00:00$w2021-01-12$yBOO
=999  \\$c8129$d8129

