=LDR  01231aam a2200253   4500
=001  8133
=005  20251031150416.0
=008  250820b\\\\\\\\|||a||||\||||\00|\0\ger\d
=041  \\$ager
=100  \\$aHeilmann, Angela$4aut$939752
=245  \\$aMozart-Darstellungen in der bildenden Kunst
=260  \\$aLindau$bKulturamt der Stadt Lindau$cs.d.
=600  \0$aMozart, Wolfgang Amadeus$d1756-1791$1http://www.wikidata.org/entity/Q254$95341
=648  \0$a18th Century (1701-1800)$1http://www.wikidata.org/entity/Q7015$920899
=648  \0$a19th Century (1801-1900)$1http://www.wikidata.org/entity/Q6955$920935
=648  \0$a20th Century (1901-2000)$1http://www.wikidata.org/entity/Q6927$920936
=650  \0$aComposer$1http://www.wikidata.org/entity/Q36834$93625
=650  \0$aIconography$1http://www.wikidata.org/entity/Q208145$921259
=650  \0$aFine art$1http://www.wikidata.org/entity/Q219625$921579
=650  \0$aPortrait$1http://www.wikidata.org/entity/Q134307$92622
=651  \0$aAustria$1http://www.wikidata.org/entity/Q40$9202
=942  \\$cBOO
=952  \\$00$10$2ddc$40$6BIO_MOZA1_E$70$8BIO$98128$aORPH$bORPH$cKTS1_P$d2020-07-08$eKoopman$i33E04$l0$oBIO MOZA1 e$p20130315$r2021-01-12 00:00:00$w2021-01-12$yBOO$OKoopman
=999  \\$d8133

