=LDR  01866aam a2200229   4500
=001  8134
=008  230801s1958\\\\||||||||\m|||\00|\0dger\d
=041  \\$ager
=100  \\$aHeimrich, W.$911480$4aut
=245  \\$aDie Orgel- und Cembalowerke Bernardo Pasquinis (1637-1710)
=260  \\$c1958$aBerlin
=300  \\$a299 pages
=500  \\$aBernardo Pasquini (1637-1710) was an Italian composer of operas, oratorios, cantatas and keyboard music. A renowned virtuoso keyboard player, he was one of the most important Italian composers for harpsichord between Girolamo Frescobaldi and Domenico Scarlatti, having also made substantial contributions to the opera and oratorio.
=500  \\$aPh.D. dissertation at the Freie Universität Berlin
=500  \\$aSonia M. Lee wrote in her dissertation 'The Harpsichord: a Research and Information Guide' (2012) the following about this work: 'Now outdated, this is one of the first book-length treatments of Pasquini’s keyboard music. Chapters are devoted to his life, literature review, and stylistic analysis of his toccatas, imitative works, variations, suites, and sonatas. Appendices include description and contents of two autograph manuscripts: Berlin Stadtbibliothek, L.215 and London, British Museum, Add. Ms. 31501, as well as an edition and translation of his Regole per ben suonare il cembalo o organo (1715). Text in German.'
=600  \0$1http://www.wikidata.org/entity/Q355191$aPasquinis, Bernardo$d1637-1710$926425
=650  \0$1http://www.wikidata.org/entity/Q36834$aComposer$93625
=650  \0$1http://www.wikidata.org/entity/Q1444$aOrgan$92810
=650  \0$1http://www.wikidata.org/entity/Q81982$aHarpsichord$92125
=942  \\$cBOO
=952  \\$00$10$2ddc$40$6BIO_PASQ_E$70$8BIO$98129$aORPH$bORPH$cKTS1_P$d2020-07-08$eKoopman$i22C07$l0$oBIO PASQ e$p20125660$r2021-01-12 00:00:00$w2021-01-12$yBOO$OKoopman
=999  \\$d8134

