=LDR  01099cam a2200265 a 4500
=001  8135
=005  20250120120012.0
=008  950607s1994\\\\gw\acgh\\b\\\\001\0dger\\
=010  \\$a   95161905 
=020  \\$a3890072925
=035  \\$a(OCoLC)30587936
=040  \\$aMH-Mu$cMH-Mu$dCU$dDLC
=042  \\$alccopycat
=100  \\$aHeinemann, Michael$d1959-$1http://www.wikidata.org/entity/Q1372254$99472
=245  10$aGiovanni Pierluigi da Palestrina und seine Zeit /$cMichael Heinemann.
=246  14$aPalestrina
=260  \\$aLaaber :$bLaaber-Verlag$cc1994.
=300  \\$a317 p. :$bill., ports., music, facsims. ;$c23 cm.
=504  \\$a"Werkverzeichnis": p. [249]-281.
=504  \\$aIncludes bibliographical references (p. [283]-309) and index.
=600  \0$aPalestrina, Giovanni Pierluigi da$dc. 1525-1594$1http://www.wikidata.org/entity/Q179277$910834
=942  \\$cBOO
=952  \\$00$10$2ddc$40$6BIO_PALE_D$70$8BIO$98130$aORPH$bORPH$cKTS1_P$d2020-07-08$eKoopman$i19C25$oBIO PALE d$p20127905$r2021-01-12 00:00:00$w2021-01-12$yBOO$OKoopman
=999  \\$c8135$d8135
=490  \\$aGrosse Komponisten und ihre Zeit

