=LDR  01156cam a2200265 a 4500
=001  8136
=005  20250925143258.0
=008  910318s1991\\\\-us\\\\\\b\\\\000\0deng\\
=041  \\$aeng
=100  \\$aHeinrich, Adel$4aut$911481
=245  10$aOrgan and Harpsichord Music by Women Composers.$bAn Annotated Catalog
=260  \\$aNew York$bGreenwood Press$c1991
=300  \\$axvi-373 pages
=336  \\$aprinted
=490  \\$aMusic reference collection
=504  \\$aIncludes bibliographical references (p. [357]-361).
=648  \0$a18th Century (1701-1800)$1http://www.wikidata.org/entity/Q7015$920899
=648  \0$a19th Century (1801-1900)$1http://www.wikidata.org/entity/Q6955$920935
=648  \0$a20th Century (1901-2000)$1http://www.wikidata.org/entity/Q6927$920936
=650  \0$aOrgan music$1http://www.wikidata.org/entity/Q2003283$91951
=650  \0$aHarpsichord$1http://www.wikidata.org/entity/Q81982$92125
=650  \0$aComposer$1http://www.wikidata.org/entity/Q36834$93625
=942  \\$cBOO
=952  \\$00$10$2ddc$40$6INS_3A$70$8INS$98131$aORPH$bORPH$cKTS0$d2020-07-08$eKoopman$i38A14$oINS3a$p20122436$r2021-01-12 00:00:00$w2021-01-12$yBOO
=999  \\$d8136

