=LDR  01064aam a2200229   4500
=001  8137
=008  250407s2009\\\\||||||||\||||\00|\0bdut\d
=020  \\$a9789077348109
=041  \\$adut
=100  \\$aHeinrichs, M.$911482$4aut
=245  \\$aLiszt in Utrecht, 1842 (en hoe hij daar terechtkwam)
=260  \\$aUtrecht$bGusto$bStichting Liszt Concours$c2009
=600  \0$aLiszt, Franz$d1811-1886$1http://www.wikidata.org/entity/Q41309$917400
=648  \0$a19th Century (1801-1900)$1http://www.wikidata.org/entity/Q6955$920935
=650  \0$aComposer$1http://www.wikidata.org/entity/Q36834$93625
=650  \0$aPianist$1http://www.wikidata.org/entity/Q486748$92959
=650  \0$aBiography$1http://www.wikidata.org/entity/Q36279$91927
=650  \0$aTravel$1http://www.wikidata.org/entity/Q61509$94440
=651  \0$aUtrecht (Netherlands)$1http://www.wikidata.org/entity/Q803$9141
=942  \\$cBOO
=952  \\$00$10$2ddc$40$6BIO_LISZ_E$70$8BIO$98132$aORPH$bORPH$cKTS1_P$d2020-07-08$eKoopman$i42D08$oBIO LISZ e$p20122059$r2021-01-12 00:00:00$w2021-01-12$yBOO$OKoopman
=999  \\$d8137

