=LDR  00356    a2200109   4500
=001  8140
=100  \\$aHeld, H. L.$911485
=245  \\$aJohann Sebastian Bach Cantor
=260  \\$c1950
=942  \\$cBOO
=952  \\$00$10$2ddc$40$6BIO_BACH1_C$70$8BIO$98135$aORPH$bORPH$cKTS1_P$d2020-07-08$eKoopman$i46F35$oBIO BACH1 c$p20126883$r2021-01-12 00:00:00$w2021-01-12$yBOO
=999  \\$c8140$d8140

