=LDR  00864cam a2200205 a 4500
=001  8141
=008  980707r19721894\\\\\\\\\b\\\\000\0dger\\
=041  \\$ager
=100  \\$4aut$aHeld, Karl$923202
=245  00$aDas Kreuzkantorat zu Dresden$bnach archivalischen Quellen
=260  \\$aWiesbaden$bSändig$c1972
=300  \\$a172 pages
=534  \\$cLeipzig: Breitkopf & Härtel, 1894
=610  \0$aKreuzkirche (Dresden, Germany)$1http://www.wikidata.org/entity/Q301607$923205
=650  \0$aCantor$1http://www.wikidata.org/entity/Q330679$923204
=650  \0$aKantorat$1http://www.wikidata.org/entity/Q104743809$939748
=651  \0$aDresden (Germany)$1http://www.wikidata.org/entity/Q1731$947
=942  \\$cBOO
=952  \\$00$10$2ddc$40$6TOP_DE_DRE$70$8TOP$98136$aORPH$bORPH$cKTS0$d2020-07-08$eKoopman$i45D27$oTOP DE.DRE$p20127302$r2021-01-12 00:00:00$w2021-01-12$yBOO
=999  \\$d8141

