=LDR  01350nam a2200313 a 4500
=001  8142
=005  20250121142123.0
=008  950727s1994\\\\sw\a\\\\\b\\\\001\0bswe\d
=010  \\$a   95184181 
=020  \\$a9185428841
=035  \\$a(OCoLC)32981796 
=040  \\$aNN$cNN$dCU$dDLC
=042  \\$alccopycat
=043  \\$ae-sw---
=100  \\$aHelenius-Öberg, Eva$911487
=245  10$aJohan Helmich Roman :$bliv och verk genom samtida ögon : dokumentens vittnesbörd /$cEva Helenius-Öberg.
=260  \\$aStockholm :$bKungl. Musikaliska akademien,$c[1994]
=300  \\$a239 p. :$bill. ;$c27 cm.
=490  \\$aKungl. Musikaliska akademiens skriftserie,
=504  \\$aIncludes bibliographical references (p. [229]-230) and index.
=600  \0$aRoman, Johan Helmich$d1694-1758$911488
=648  \0$a18th Century (1701-1800)$1http://www.wikidata.org/entity/Q7015$920899
=650  \0$aMusic history$1http://www.wikidata.org/entity/Q846047$921373
=650  \0$aBiography$1http://www.wikidata.org/entity/Q36279$91927
=650  \0$aComposer$1http://www.wikidata.org/entity/Q36834$93625
=651  \0$aSweden$1http://www.wikidata.org/entity/Q34$9275
=942  \\$cBOO
=952  \\$00$10$2ddc$40$6BIO_ROMA_C$70$8BIO$98137$aORPH$bORPH$cKTS1_P$d2020-07-08$eKoopman$i46A01$oBIO ROMA c$p20127598$r2021-01-12 00:00:00$w2021-01-12$yBOO$OKoopman
=999  \\$c8142$d8142

