=LDR  01165aam a2200241   4500
=001  8143
=008  250121s1995\\\\||||||||\||||\00|\0\ger\d
=020  \\$a3952085200
=041  \\$ager
=100  \\$aHelg, Lukas$cOSB$911489
=245  \\$aDie Musikhandschriften zwischen 1600 und 1800 in der Musikbibliothek des Klosters Einsiedeln.$bEin Katalog
=260  \\$aEinsiedeln$bKloster Einsiedeln$c1995
=300  \\$a133 pages
=610  \0$1http://www.wikidata.org/entity/Q131132$aBenedictines$921364
=648  \0$1http://www.wikidata.org/entity/Q7016$a17th Century (1601-1700)$920923
=648  \0$1http://www.wikidata.org/entity/Q7015$a18th Century (1701-1800)$920899
=650  \0$1http://www.wikidata.org/entity/Q44613$aMonastery$926216
=650  \0$1http://www.wikidata.org/entity/Q7075$aLibrary$94229
=650  \0$1http://www.wikidata.org/entity/Q87167$aManuscript$92275
=651  \0$1http://www.wikidata.org/entity/Q68950$aEinsiedeln (Switzerland)$926273
=942  \\$cBOO
=952  \\$00$10$2ddc$40$6BIB_4_000000000000000_CH_EIN$70$8BIB$98138$aORPH$bORPH$cKTS0$d2020-07-08$eKoopman$i41C08$l0$oBIB4 CH.EIN$p20122177$r2021-01-12 00:00:00$w2021-01-12$yBOO$OKoopman
=999  \\$d8143

