=LDR  01138aam a2200241   4500
=001  8144
=008  230602s1999\\\\||||||||\c|||\00|\0\ger\d
=020  \\$a3952182907
=041  \\$ager
=100  \\$aHelg, Lukas$cOSB$4aut$911489
=245  \\$aDie Drucke vor 1800 in der Musikbibliothek des Klosters Einsiedeln
=260  \\$aEinsiedeln$bKloster Einsiedeln$c1999
=300  \\$a141 pages
=610  \0$1http://www.wikidata.org/entity/Q693087$aKloster Einsiedeln (Switzerland)$926272
=610  \0$1http://www.wikidata.org/entity/Q131132$aBenedictines$921364
=650  \0$1http://www.wikidata.org/entity/Q7075$aLibrary$94229
=650  \0$1http://www.wikidata.org/entity/Q44613$aMonastery$926216
=650  \0$aMusic printing$1http://www.wikidata.org/entity/Q64416036$94007
=650  \0$aMusic history$1http://www.wikidata.org/entity/Q846047$921373
=651  \0$1http://www.wikidata.org/entity/Q68950$aEinsiedeln (Switzerland)$926273
=942  \\$cBOO
=952  \\$00$10$2ddc$40$6BIB_4_000000000000000_CH_EIN$70$8BIB$98139$aORPH$bORPH$cKTS0$d2020-07-08$eKoopman$i41C27$l0$oBIB4 CH.EIN$p20122158$r2021-01-12 00:00:00$w2021-01-12$yBOO$OKoopman
=999  \\$d8144

