=LDR  01520aam a2200277   4500
=001  8145
=008  230329s1971\\\\|||g||||\||||\00|\0\ger\d
=020  \\$a379520111X
=041  \\$ager
=100  \\$aHell, Hellmut$d1941-$4aut$1http://www.wikidata.org/entity/Q95320990$911491
=245  \\$aDie Neapolitanische Opernsinfonie in der ersten Hälfte des 18. Jahrhunderts:$bN. Porpora, L. Vinci, G.B. Pergolesi, L. Leo, N. Jomelli
=260  \\$aTutzing$bSchneider$c1971
=300  \\$a623 pages
=600  \0$aPorpora, Nicola$d1686-1768$1http://www.wikidata.org/entity/Q312788$98180
=600  \0$aVinci, Leonardo$d1690-1730$1http://www.wikidata.org/entity/Q29577$96144
=600  \0$aPergolesi, Giovanni Battista$d1710-1736$1http://www.wikidata.org/entity/Q185312$94761
=600  \0$aLeo, Leonardo$d1694-1744$1http://www.wikidata.org/entity/Q316735$96214
=600  \0$aJommelli, Niccolò$d1714-1774$1http://www.wikidata.org/entity/Q312891$94785
=648  \0$a18th Century (1701-1800)$1http://www.wikidata.org/entity/Q7015$920899
=650  \0$aOpera seria$1http://www.wikidata.org/entity/Q210675$925224
=650  \0$aOverture$1http://www.wikidata.org/entity/Q202287$921591
=650  \0$aSymphony$1http://www.wikidata.org/entity/Q9734$92527
=651  \0$aNaples (Italy)$1http://www.wikidata.org/entity/Q2634$921
=942  \\$cBOO
=952  \\$00$10$2ddc$40$6TOP_IT_NAP_5_000000000000000$70$8TOP$98140$aORPH$bORPH$cKTS0$d2020-07-08$eKoopman$i31A08$l0$oTOP IT.NAP 5$p20121164$r2021-01-12 00:00:00$w2021-01-12$yBOO$OKoopman
=999  \\$d8145

