=LDR  01530nam a2200325 a 4500
=001  8146
=005  20251003085457.0
=008  880822s1987\\\\gw\ag\\\\bc\\\001\0\ger\\
=020  \\$z3973280507
=040  \\$aOI
=041  \\$ager
=245  14$aDie Musikhandschriften aus dem Dom zu Unserer Lieben Frau in München:$bthematischer Katalog. Mit einem Anhang, Ein Chorbuch aus St. Andreas in Freising
=260  \\$aMunich$bHenle$c1987
=300  \\$axxix-472 pages$bill., music ;$c30 cm.
=490  \\$aKataloge Bayerischer Musiksammlungen
=490  \\$a8
=504  \\$aBibliography: p. 436-439.
=610  \0$aFrauenkirche (Munich, Germany)$1http://www.wikidata.org/entity/Q167193$91360
=610  \0$aKloster Sankt Andrä Freising (Germany)$1http://www.wikidata.org/entity/Q2317044$923727
=650  \0$aChurch music$1http://www.wikidata.org/entity/Q8812109$92283
=650  \0$aManuscript$1http://www.wikidata.org/entity/Q87167$92275
=650  \0$aCatholicism$1http://www.wikidata.org/entity/Q1841$921631
=650  \0$aCatalogue$1http://www.wikidata.org/entity/Q2352616$921484
=651  \0$aMunich (Germany)$1http://www.wikidata.org/entity/Q1726$9268
=700  \\$aHell, Hellmut$d1941-$4edt$1http://www.wikidata.org/entity/Q95320990$911491
=700  \\$aHoll, Monika$4edt$911492
=700  \\$aMachold, Robert$4edt$911493
=942  \\$cBOO
=952  \\$00$10$2ddc$40$6BIB_4_000000000000000_DE_MUN1$70$8BIB$98141$aORPH$bORPH$cKTS0$d2020-07-08$eKoopman$i44C14$oBIB4 DE.MUN1$p20126657$r2021-01-12 00:00:00$w2021-01-12$yBOO
=999  \\$d8146

