=LDR  01931cam a2200313 a 4500
=001  8148
=041  0\$ager
=245  00$aMusik in Mecklenburg.$bBeiträge eines Kolloquiums zur mecklenburgischen Musikgeschichte, veranstaltet vom Institut für Musikwissenschaft der Universität Rostock, 24.-27. September 1997
=260  \\$aHildesheim$aNew York$bOlms$c2000
=300  \\$a[x]-599 pages
=490  \\$aStudien und Materialien zur Musikwissenschaft$v21
=504  \\$aIncludes bibliographical references (p. [553]-575) and indexes.
=546  \\$aChiefly in German; some contributions also in English.
=590  \\$aMit einer Zeittafel und einer Auswahlbibliographie zur mecklenburgischen Musikgeschichte
=648  \0$a19th Century (1801-1900)$1http://www.wikidata.org/entity/Q6955$920935
=648  \0$a18th Century (1701-1800)$1http://www.wikidata.org/entity/Q7015$920899
=648  \0$a17th Century (1601-1700)$1http://www.wikidata.org/entity/Q7016$920923
=648  \0$a16th Century (1501-1600)$1http://www.wikidata.org/entity/Q7017$920944
=648  \0$a15th Century (1401-1500)$1http://www.wikidata.org/entity/Q7018$921015
=648  \0$aMiddle Ages (500-1400)$1http://www.wikidata.org/entity/Q12554$920964
=650  \0$aMusic history$1http://www.wikidata.org/entity/Q846047$921373
=651  \4$aMecklenburg (Germany)$1http://www.wikidata.org/entity/Q109057$923711
=700  \\$aHeller, Karl$c-1935$1http://www.wikidata.org/entity/Q106675800$911495$4edt
=700  \\$aMöller, Hartmut$d1953-$1http://www.wikidata.org/entity/Q95249311$911496$4edt
=700  \\$aWaczkat, Andreas$d1964-$1http://www.wikidata.org/entity/Q95325946$911497$4edt
=710  \\$aUniversität Rostock (Germany)$1http://www.wikidata.org/entity/Q159895$91361
=942  \\$cBOO
=952  \\$00$10$2ddc$40$6TOP_DE_MEC$70$8TOP$98143$aORPH$bORPH$cKTS0$d2020-07-08$eKoopman$i37D02$l0$oTOP DE.MEC$p20120556$r2021-01-12 00:00:00$w2021-01-12$yBOO$OKoopman
=999  \\$d8148

