=LDR  01048aam a2200217   4500
=001  8149
=008  220812s1971\\\\||||||||\||||\00|\0dger\d
=041  \\$ager
=100  \\$aHeller, Karl$c-1935$4aut$1http://www.wikidata.org/entity/Q106675800$911495
=245  \\$aDie deutsche Überlieferung der Instrumentalwerke Vivaldis
=260  \\$aLeipzig$bVEB Deutscher Verlag für Musik$c1971
=300  \\$a216 pages
=490  \\$aBeiträge zur musikwissenschaftlichen Forschung in der DDR$v2
=600  \0$aVivaldi, Antonio$d1678-1741$1http://www.wikidata.org/entity/Q1340$911980
=648  \0$a18th Century (1701-1800)$1http://www.wikidata.org/entity/Q7015$920899
=650  \0$aConcerto$1http://www.wikidata.org/entity/Q9748$921817
=650  \0$aManuscript$1http://www.wikidata.org/entity/Q87167$92275
=651  \0$aGermany$1http://www.wikidata.org/entity/Q183$9155
=942  \\$cBOO
=952  \\$00$10$2ddc$40$6BIO_VIVA_E$70$8BIO$98144$aORPH$bORPH$cKTS1_P$d2020-07-08$eKoopman$i23B05$l0$oBIO VIVA e$p20128554$r2021-01-12 00:00:00$w2021-01-12$yBOO$OKoopman
=999  \\$d8149

