=LDR  00983cam a2200229 a 4500
=001  8151
=005  20250120115743.0
=008  110325s2010\\\\ne\a\\\\\b\\\\000\0bdut\\
=020  \\$a9789057306709
=040  \\$aOI
=100  \\$aHellinga, Gerben$d1938-$911500
=245  10$aKarel V :$bbondgenoten en tegenstanders /$cGerben Graddesz Hellinga.
=246  3\$aKarel de Vijfde
=260  \\$aZutphen :$bWalburg Pers,$c2010.
=300  \\$a176 p. :$bcol. ill., col. maps ;$c29 cm.
=504  \\$aIncludes bibliographical references (p. 176).
=600  \0$aCharles V$cHoly Roman Emperor$d1500-1558$1http://www.wikidata.org/entity/Q32500$920948
=651  \0$aHoly Roman Empire$1http://www.wikidata.org/entity/Q12548$971
=651  \0$aHoly Roman Empire$1http://www.wikidata.org/entity/Q12548$971
=942  \\$cBOO
=952  \\$00$10$2ddc$40$6BIO_CHAR1_E$70$8BIO$98146$aORPH$bORPH$cKTS1_P$d2020-07-08$eKoopman$i25B14$oBIO CHAR1 e$p20129210$r2021-01-12 00:00:00$w2021-01-12$yBOO$OKoopman
=999  \\$c8151$d8151

