=LDR  01079aam a2200217   4500
=001  8153
=008  230414s1962\\\\||||||||\||||\00|\0\dut\d
=041  \\$adut
=100  \\$aHellinga, W. G.$d1908-1985$1http://www.wikidata.org/entity/Q3099725$911502
=245  \\$aCopy and Print in the Netherlands:$bAn Atlas of Historical Bibliography$nvol. 1
=260  \\$c1962
=300  \\$a253 pages
=500  \\$aWytze Gerbens Hellinga (1908-1985) was a Dutch professor of linguistics at the University of Amsterdam. 
=650  \0$aBook$1http://www.wikidata.org/entity/Q571$92285
=650  \0$aPrinting$1http://www.wikidata.org/entity/Q11034$921936
=650  \0$aHistory$1http://www.wikidata.org/entity/Q309$921403
=650  \0$1https://www.wikidata.org/wiki/Q134995$aBibliography$1http://www.wikidata.org/entity/Q134995$93965
=651  \0$1http://www.wikidata.org/entity/Q55$aNetherlands$9173
=942  \\$cBOO
=952  \\$00$10$2ddc$40$6BIB_2_000000000000000_HELL$70$8BIB$98148$aORPH$bORPH$cKTS0$d2020-07-08$eKoopman$l0$oBIB2 HELL$p20122770$r2021-01-12 00:00:00$w2021-01-12$yBOO$OKoopman
=999  \\$d8153

