=LDR  01215cam a2200265   4500
=001  8155
=005  20250121142123.0
=008  841105s1910\\\\fr\\\\\\\\\\\\000\0bfre\\
=040  \\$aOI
=041  \\$afre
=245  03$aUn musicien oublié :$bCatel, de l'Institut Royal de France, 1773-1830
=260  \\$aParis$bFischbacher$c1910
=300  \\$aix-69 pages$bfrontispiece$c18 cm
=600  \0$aCatel, Charles-Simon$d1773-1830$1http://www.wikidata.org/entity/Q661501$96199
=648  \0$a18th Century (1701-1800)$1http://www.wikidata.org/entity/Q7015$920899
=648  \0$a19th Century (1801-1900)$1http://www.wikidata.org/entity/Q6955$920935
=650  \0$aComposer$1http://www.wikidata.org/entity/Q36834$93625
=650  \0$aBiography$1http://www.wikidata.org/entity/Q36279$91927
=651  \0$aFrance$1http://www.wikidata.org/entity/Q142$9131
=700  \\$aHellouin, Frédéric$d1864-1924$4aut$920826
=700  \\$aPicard, Joseph$4aut$923559
=700  \\$aTiersot, Julien$d1857-1936$4win$1http://www.wikidata.org/entity/Q547630$917987
=942  \\$cBOO
=952  \\$00$10$2ddc$40$6BIO_CATE_D$70$8BIO$98150$aORPH$bORPH$cKTS1_P$d2020-07-08$eKoopman$i33E53$oBIO CATE d$p20120936$r2021-01-12 00:00:00$w2021-01-12$yBOO
=999  \\$d8155

