=LDR  02239cam a2200277 a 4500
=001  8156
=008  111104s2011\\\\gw\a\\\\\b\\\\000\0bger\d
=010  \\$a 
=020  \\$a9783422070783
=041  \\$ager
=100  \\$aTielke, Joachim$d1641-1719$4art$1http://www.wikidata.org/entity/Q108461$911505
=245  10$aJoachim Tielke.$bKunstvolle Musikinstrumente des Barock
=260  \\$aMunich$bDeutscher Kunstverlag$c2011
=300  \\$a456 pages
=504  \\$aIncludes bibliographical references (p. [429]-447) and index.
=520  8\$aJoachim Tielke (1641-1719), geboren in Königsberg, später hochgerühmter Musikinstrumentenmacher in Hamburg, hat ein umfangreiches Werk von 169 Streich- und Zupfinstrumenten unterschiedlicher Arten hinterlassen.Charakteristisch für seine Arbeiten sind der oft überaus aufwändige Dekor: Marketerien mit emblematischen und mythologischen Darstellungen, zumeist nach älteren niederländischen Vorlagen, üppige florale Ornamente und phantasievoll geschnitzte Köpfe. Kostbare Materialien wie Elfenbein, Ebenholz, Schildpatt, Perlmutt und Halbedelsteine machten Joachim Tielkes Instrumente auch für den Adel zu begehrenswerten Kunstwerken. Heute sind sie der Stolz vieler Museen und privater Sammler. Zudem sind sie hochgeschätzte Klangwerkzeuge in den Händen von Musikern. Der Band führt umfassend in Leben und Werk Tielkes ein und bietet detaillierte, reich illustrierte Beschreibungen aller seiner erhaltenen Arbeiten, ausserdem Anhänge zu weiteren Hamburger Instrumentenmachern.
=648  \0$a17th Century (1601-1700)$1http://www.wikidata.org/entity/Q7016$920923
=648  \0$a18th Century (1701-1800)$1http://www.wikidata.org/entity/Q7015$920899
=650  \0$aString instrument$1http://www.wikidata.org/entity/Q1798603$92912
=650  \0$aPlucked string instrument$1http://www.wikidata.org/entity/Q230262$921883
=650  \0$aApplied arts$1http://www.wikidata.org/entity/Q2865882$921627
=651  \0$aHamburg (Germany)$1http://www.wikidata.org/entity/Q1055$921940
=700  \\$aHellwig, Barbara$4aut$911506
=942  \\$cBOO
=952  \\$00$10$2ddc$40$6INS_5B_TIEL$70$8INS$98151$aORPH$bORPH$cKTS0$d2020-07-08$eKoopman$i41F16$oINS5b TIEL$p20120110$r2021-01-12 00:00:00$w2021-01-12$yBOO
=999  \\$d8156

