=LDR  01257cam a2200253 i 4500
=001  8157
=005  20250121142123.0
=008  800711s1980\\\\gw\af\\\\b\\\\001\0\ger\\
=041  \\$ager
=100  \\$aTielke, Joachim$d1641-1719$4art$1http://www.wikidata.org/entity/Q108461$911505
=245  00$aJoachim Tielke:$bein Hamburger Lauten- und Violenmacher der Barockzeit
=260  \\$aFrankfurt am Main$bVerlag Das Musikinstrument$c1980
=300  \\$a352 pages
=490  \\$aFachbuchreihe Das Musikinstrument$v38
=648  \0$a17th Century (1601-1700)$1http://www.wikidata.org/entity/Q7016$920923
=648  \0$a18th Century (1701-1800)$1http://www.wikidata.org/entity/Q7015$920899
=650  \0$aString instrument$1http://www.wikidata.org/entity/Q1798603$92912
=650  \0$aBowed string instrument$1http://www.wikidata.org/entity/Q192096$92398
=651  \0$aHamburg (Germany)$1http://www.wikidata.org/entity/Q1055$921940
=700  \\$4aut$aHellwig, Günther$911507
=710  \\$aMuseum für Kunst und Gewerbe Hamburg (Germany)$4edt$1http://www.wikidata.org/entity/Q896052$91362
=942  \\$cBOO
=952  \\$00$10$2ddc$40$6INS_5B_TIEL$70$8INS$98152$aORPH$bORPH$cKTS0$d2020-07-08$eKoopman$i33C07$oINS5b TIEL$p20123018$r2021-01-12 00:00:00$w2021-01-12$yBOO
=999  \\$d8157

