=LDR  00394    a2200109   4500
=001  8158
=100  \\$aHelmbreker, C. J.$4cmp$911508
=245  \\$aWerken voor twee melodie-instrumenten
=260  \\$c1973
=942  \\$cSCO
=952  \\$00$10$2ddc$40$6SCO_MISC_RASC$70$8SCO$98153$aORPH$bORPH$cKTS1_H$d2020-07-08$eKoopman$iW178-X$l0$oSCO MISC RASC$p20121697$r2021-01-12 00:00:00$w2021-01-12$ySCO$OW.0178-X
=999  \\$c8158$d8158

