=LDR  00540    a2200145   4500
=001  8162
=008  210311b\\\\\\\\be\|||||\||||\00|\0\eng\d
=041  \\$adut
=100  \\$aHelsloot, Loes$911511
=245  \\$aDe fermate ofwel: de betekenis van het fermate-teken van de 14e tot en met de 18e eeuw
=260  \\$c1987$aUtrecht
=300  \\$a90 pages
=942  \\$cDIS
=952  \\$00$10$2ddc$40$6MTP_2_000000000000000_HELS$70$8MTP$98157$aORPH$bORPH$cKM12_1$d2020-07-08$eKoopman$i19A32$l0$oMTP2 HELS$p20125143$r2021-01-12 00:00:00$w2021-01-12$yDIS
=999  \\$c8162$d8162

