=LDR  01290cam a2200289 a 4500
=001  8163
=005  20250925143258.0
=008  110314s2010\\\\ne\a\\\\\b\\\\000\0\dut\\
=020  \\$a9789055893089
=020  \\$a9055893080 (pbk.)
=040  \\$aOI
=041  \\$adut
=100  \\$aHemels, Joan$4aut$911512
=245  14$aEen journalistiek geheim ontsluierd:$bde Dubbelmonarchie en een geval van dubbele moraal in de Nederlandse pers tijdens de Eerste Wereldoorlog
=260  \\$aApeldoorn$aAntwerp$bHet Spinhuis$c2010
=300  \\$a270 pages$billustrations$c25 cm
=504  \\$aIncludes bibliographical references.
=561  \\$aContains a card from the author to Ton Koopman
=648  \0$1http://www.wikidata.org/entity/Q6927$a20th Century (1901-2000)$920936
=650  \0$aWorld War I (1914-1918)$1http://www.wikidata.org/entity/Q36$92913
=651  \0$aAustria$1http://www.wikidata.org/entity/Q40$9202
=651  \0$aHungary$1http://www.wikidata.org/entity/Q28$921233
=651  \0$aNetherlands$1http://www.wikidata.org/entity/Q55$9173
=700  \\$aBochove, Esther van$911513$4ctb
=942  \\$cBOO
=952  \\$00$10$2ddc$40$6TOP_AT_7_000000000000000$70$8TOP$98158$aORPH$bORPH$cKTS0$d2020-07-08$eKoopman$i42D23$l0$oTOP AT 7$p20120063$r2021-01-12 00:00:00$w2021-01-12$yBOO$OKoopman
=999  \\$d8163

