=LDR  01229cam a2200265 i 4500
=001  8164
=005  20251003085457.0
=008  800502s1979\\\\gw\aof\\\bc\\\000\0\ger\\
=041  \\$ager
=100  \\$aHenkel, Hubert$4aut$911514
=110  2\$aMusikinstrumenten-Museum der Karl-Marx-Universität (Leipzig, Germany)$4edt$926566
=245  10$aKielinstrumente
=250  \\$a1st ed.
=260  \\$aLeipzig$bDeutscher Verlag für Musik VEB$c1979
=300  \\$a184 pages$bill. (some col.) $c25 cm.
=490  1\$aKatalog - Musikinstrumenten-Museum der Karl-Marx-Universität Leipzig$vBand 2
=504  \\$aBibliography: p. 116-118.
=610  \0$aKarl-Marx-Universität (Leipzig, Germany)$1http://www.wikidata.org/entity/Q154804$921107
=650  \0$aCatalogue$1http://www.wikidata.org/entity/Q2352616$921484
=650  \0$aKeyboard instrument$1http://www.wikidata.org/entity/Q52954$92849
=650  \0$aHarpsichord$1http://www.wikidata.org/entity/Q81982$92125
=650  \0$aOrganology$1http://www.wikidata.org/entity/Q899293$921400
=942  \\$cBOO
=952  \\$00$10$2ddc$40$6INS_3_000000000000000_2A_DE_LEI$70$8INS$98159$aORPH$bORPH$cKTS0$d2020-07-08$eKoopman$i19C05$oINS3.2a DE.LEI$p20127931$r2021-01-12 00:00:00$w2021-01-12$yBOO
=999  \\$d8164

