=LDR  00371    a2200109   4500
=001  8168
=100  \\$aHenkys, A.$911517
=245  \\$aAus Johann Crügers Notenschrank
=260  \\$c2017
=942  \\$cBOO
=952  \\$00$10$2ddc$40$6BIO_CRÜG_C$70$8BIO$98163$aORPH$bORPH$cKTS1_P$d2020-07-08$eKoopman$i22F30$l0$oBIO CRÜG c$p20128828$r2021-01-12 00:00:00$w2021-01-12$yBOO$OKoopman
=999  \\$c8168$d8168

