=LDR  00978aam a2200205   4500
=001  8169
=008  230419s1976\\\\||||||||\||||\00|\0\ger\d
=041  \\$ager
=100  \\$aHennenberg, F.$911518$4aut
=245  \\$aDas Kantatenschaffen von Gottfried Heinrich Stölzel
=260  \\$aLeipzig$bVEB Deutscher Verlag für Musik$c1976
=490  \\$aBeiträge zur musikwissenschaftlichen Forschung in der DDR$v8
=600  \0$1http://www.wikidata.org/entity/Q27600199$aStölzel, Gottfried Heinrich$d1690-1749$97024
=648  \0$1http://www.wikidata.org/entity/Q7015$a18th Century (1701-1800)$920899
=650  \0$aCantata$1http://www.wikidata.org/entity/Q174873$921603
=650  \0$aLute$1http://www.wikidata.org/entity/Q180733$93944
=651  \0$1http://www.wikidata.org/entity/Q183$aGermany$9155
=942  \\$cBOO
=952  \\$00$10$2ddc$40$6BIO_STOL2_E$70$8BIO$98164$aORPH$bORPH$cKTS1_P$d2020-07-08$eKoopman$i33C22$oBIO STOL2 e$p20123004$r2021-01-12 00:00:00$w2021-01-12$yBOO$OKoopman
=999  \\$d8169

