=LDR  00359    a2200109   4500
=001  8170
=100  \\$aHenning, Rudolf$911519
=245  \\$aZeugnisse alter Musik
=260  \\$c1975
=942  \\$cBOO
=952  \\$00$10$2ddc$40$6VIS_HENN$70$8VIS$98165$aORPH$bORPH$cKTS1_H$d2020-07-08$eKoopman$i18B39$l0$oVIS HENN$p20127720$r2021-01-12 00:00:00$w2021-01-12$yBOO$OKoopman
=999  \\$c8170$d8170

