=LDR  01013aam a2200193   4500
=001  8172
=008  230331i19511952|||a||||\||||\001\0dger\d
=041  \\$ager
=245  \\$aMusikgeschichte Lübecks$bBand I: Weltliche Musik - Band II: Geistliche Musik
=260  \\$aKassel$bBärenreiter$c1951-52
=300  \\$a2 vols. (308+212 pages)
=650  \0$aMusic history$1http://www.wikidata.org/entity/Q846047$921373
=651  \0$aLübeck (Germany)$1http://www.wikidata.org/entity/Q2843$9125
=700  \\$4aut$911521$aHennings, J.
=700  \\$4aut$aStahl, Wilhelm$d1872-1953$1http://www.wikidata.org/entity/Q2575213$914177
=942  \\$cBOO
=952  \\$00$10$2ddc$3Band I: Weltliche Musik$40$6TOP_DE_LUB$70$8TOP$98167$aORPH$bORPH$cKTS0$d2020-07-08$eKoopman$i34A41_01$l0$oTOP DE.LUB$p20122620$r2021-01-12 00:00:00$w2021-01-12$yBOO
=952  \\$00$10$2ddc$3Band II: Geistliche Musik$40$6TOP_DE_LUB$70$8TOP$98168$aORPH$bORPH$cKTS0$d2020-07-08$eKoopman$i34A41_02$l0$oTOP DE.LUB$p20122621$r2021-01-12 00:00:00$w2021-01-12$yBOO
=999  \\$d8172

