=LDR  01830aam a2200289   4500
=001  8175
=008  230621s1880\\\\|||c||||\||||\00|\0cger\d
=041  \\$ager
=100  \\$aHensel, Sebastian$d1830-1898$1http://www.wikidata.org/entity/Q28653656$4aut$96458
=245  \\$aDie Familie Mendelssohn 1729-1847$nI. Teil
=250  \\$a2nd ed.
=260  \\$a[Berlin]$b[Behr]$c1880
=300  \\$a[xv]-383 pages$bportraits
=500  \\$aTitle page is missing
=500  \\$aSee 10G11 for the complete first edition and 08B26 for the second part in the third edition 
=520  \\$aSebastian Hensel, a great-grandson of the philosopher Moses Mendelssohn and son of Fanny Mendelssohn, wrote this family chronicle in 1879. The Mendelssohn family is a German-Jewish family of scholars, bankers and artists. For many years, the descendants remained connected through the joint management of the Mendelssohn banking house. Numerous artists also descended from the family - among them the famous composer, pianist and organist Felix Mendelssohn Bartholdy.
=534  \\$aOriginally published in 1879 (see 10G11)
=610  \0$1http://www.wikidata.org/entity/Q41783627$aMendelssohn family$923141
=610  \0$1http://www.wikidata.org/entity/Q7325$aJews$924173
=648  \0$1http://www.wikidata.org/entity/Q7015$a18th Century (1701-1800)$920899
=648  \0$1http://www.wikidata.org/entity/Q6955$a19th Century (1801-1900)$920935
=650  \0$1http://www.wikidata.org/entity/Q36834$aComposer$93625
=650  \0$1http://www.wikidata.org/entity/Q36279$aBiography$91927
=651  \0$1http://www.wikidata.org/entity/Q183$aGermany$9155
=942  \\$cBOO
=952  \\$00$10$2ddc$40$6KTS_1_000000000000000_C2_20_08B24$70$8BIO$98170$aORPH$bORPH$cKTS1_P$d2020-07-08$eKoopman$oKTS1 C2.20 08B24$p20120445$r2021-01-12 00:00:00$w2021-01-12$yBOO$OKoopman
=999  \\$d8175

