=LDR  01892aam a2200289   4500
=001  8176
=008  230621s1882\\\\|||c||||\||||\00|\0cger\d
=041  \\$ager
=100  \\$aHensel, Sebastian$d1830-1898$1http://www.wikidata.org/entity/Q28653656$4aut$96458
=245  \\$aDie Familie Mendelssohn 1729-1847$nII. Teil
=250  \\$a3rd ed.
=260  \\$aBerli$bBehr$c1882
=300  \\$a[iv]-400 pages $bportraits
=500  \\$aSee 10G11 for the complete first edition and 08B24 for the first part in the second edition 
=520  \\$aSebastian Hensel, a great-grandson of the philosopher Moses Mendelssohn and son of Fanny Mendelssohn, wrote this family chronicle in 1879. The Mendelssohn family is a German-Jewish family of scholars, bankers and artists. For many years, the descendants remained connected through the joint management of the Mendelssohn banking house. Numerous artists also descended from the family - among them the famous composer, pianist and organist Felix Mendelssohn Bartholdy. 
=590  \\$aNach Briefen und Tagebüchern ... Mit 8 Portraits, gezeichnet von Wilhelm Hensel
=610  \0$1http://www.wikidata.org/entity/Q41783627$aMendelssohn family$923141
=610  \0$1http://www.wikidata.org/entity/Q7325$aJews$924173
=648  \0$1http://www.wikidata.org/entity/Q6955$a19th Century (1801-1900)$920935
=650  \0$1http://www.wikidata.org/entity/Q36834$aComposer$93625
=650  \0$1http://www.wikidata.org/entity/Q36279$aBiography$91927
=650  \0$1http://www.wikidata.org/entity/Q185598$aDiary$921711
=650  \0$1http://www.wikidata.org/entity/Q1784733$aCorrespondence$921392
=651  \0$1http://www.wikidata.org/entity/Q183$aGermany$9155
=942  \\$cBOO
=952  \\$00$10$2ddc$40$6KTS_1_000000000000000_C2_20_08B25$70$8BIO$98171$aORPH$bORPH$cKTS1_P$d2020-07-08$eKoopman$oKTS1 C2.20 08B25$p20120444$r2021-01-12 00:00:00$w2021-01-12$yBOO$OKoopman
=999  \\$d8176

