=LDR  01301    a2200229   4500
=001  8177
=008  211109b2011\\\\nl\ah|||\||||\00|\0\dut\d
=020  \\$a9789090257853
=041  \\$adut
=100  \\$aHenssen, Ralph$4aut$911528
=245  \\$aTrompetters en Tamboers in de Zeeuwse Zeevaart ten tijde van de Republiek
=260  \\$c2011$aUtrecht$bUniversiteit Utrecht
=300  \\$a357 pages
=590  \\$aProefschrift ter verkrijging van de graad van doctor aan de Universiteit Utrecht op gezag van de rector magnificus, prof. dr. G.J. van der Zwaan, ingevolge het besluit van het college voor promotie in het openbaar te verdedigen op maandag 16 mei 2011 des middags te 4.15 uur door Ralph Johan Gerard Jensen
=648  \0$a17th Century (1601-1700)$1http://www.wikidata.org/entity/Q7016$920923
=648  \0$a18th Century (1701-1800)$1http://www.wikidata.org/entity/Q7015$920899
=650  \0$aMusic history$1http://www.wikidata.org/entity/Q846047$921373
=650  \0$aTrumpet$1http://www.wikidata.org/entity/Q8338$92388
=651  \0$aZeeland (Netherlands)$1http://www.wikidata.org/entity/Q705$922789
=942  \\$cDIS
=952  \\$00$10$2ddc$40$6INS_7_000000000000000_3D_HENS$70$8INS$98172$aORPH$bORPH$cKTS0$d2020-07-08$eKoopman$i41C07$oINS7.3d HENS$p20122178$r2021-01-12 00:00:00$w2021-01-12$yBOO
=999  \\$d8177

