=LDR  01752cam a2200349 a 4500
=001  8178
=005  20251003085457.0
=008  090225s2006\\\\gw\gh\\\\bc\\\001\0\ger\c
=010  \\$a  2009461220
=020  \\$a3937788026 (hd.bd.)
=020  \\$a9783937788029 (hd.bd.)
=035  \\$a(OCoLC)ocn123893599
=040  \\$aOI
=041  \\$ager
=100  \\$aHenzel, Christoph$d1960-$911529$4aut
=245  10$aGraun-Werkverzeichnis (GraunWV)
=246  13$aVerzeichnis der Werke der Brüder Johann Gottlieb und Carl Heinrich Graun
=260  \\$aBeeskow$bOrtus$c2006
=300  \\$a2 vols. (xxix-925+352 pages)$bfacsimiles, music$c27 cm
=490  \\$aOrtus Studien
=504  \\$aIncludes bibliographical references (v. 1, p. xvii-xxviii) and indexes.
=600  \0$aGraun, Johann Gottlieb$d1702/03-1771$1http://www.wikidata.org/entity/Q502321$99277
=600  \0$aGraun, Carl Heinrich$d1704-1759$1http://www.wikidata.org/entity/Q161208$96249
=610  \0$aGraun family$922335
=648  \0$a18th Century (1701-1800)$1http://www.wikidata.org/entity/Q7015$920899
=650  \0$aComposer$1http://www.wikidata.org/entity/Q36834$93625
=650  \0$aCatalogue$1http://www.wikidata.org/entity/Q2352616$921484
=651  \0$aBerlin (Germany)$1http://www.wikidata.org/entity/Q64$948
=942  \\$cBOO
=952  \\$00$10$2ddc$3Band I: Verzeichnis der Werke der Brüder Johann Gottlieb und Carl Heinrich Graun$40$6BIO_GRAU0_C$70$8BIO$98173$aORPH$bORPH$cKTS1_P$d2020-07-08$eKoopman$i37B14-I$oBIO GRAU0 c$p20120600$r2021-01-12 00:00:00$w2021-01-12$yBOO$OKoopman
=952  \\$00$10$2ddc$3Band II: Register$40$6BIO_GRAU0_C$70$8BIO$98174$aORPH$bORPH$cKTS1_P$d2020-07-08$eKoopman$i37B14-II$l0$oBIO GRAU0 c$p20120599$r2021-01-12 00:00:00$w2021-01-12$yBOO$OKoopman
=999  \\$d8178

