=LDR  00786aam a2200181   4500
=001  8181
=008  230629s1961\\\\|||g||||\||||\00|\0\ger\d
=041  \\$ager
=100  \\$aHerbort, H. J.$911533$4aut
=245  \\$aDie Messen des Johann Ernst Eberlin
=260  \\$c1961$aMünster
=300  \\$a282 pages
=500  \\$aInaugural Dissertation for the Degree of Doctor of Philosophy of the Westfälische Wilhelms-Universität zu Münster Westfalen
=600  \0$1http://www.wikidata.org/entity/Q566304$aEberlin, Johann Ernst$d1702-1762$97217
=650  \0$1http://www.wikidata.org/entity/Q217295$aMass$92735
=942  \\$cBOO
=952  \\$00$10$2ddc$40$6BIO_EBER_E$70$8BIO$98175$aORPH$bORPH$cKTS1_P$d2020-07-08$eKoopman$i47F13$oBIO EBER e$p20123797$r2021-01-12 00:00:00$w2021-01-12$yBOO$OKoopman
=999  \\$d8181

