=LDR  01844cam a22003494a 4500
=001  8182
=005  20251028102006.0
=008  050915s2005\\\\\\\g\\\\\b\\\\001\0\ita\|
=041  \\$aita
=100  \\$aHerczog, Johann$d-1955$4aut$911534
=245  10$aMarte armonioso.$bTrionfo della Battaglia musicale nel Rinascimento
=260  \\$aGalatina$bCongedo$c2005
=300  \\$a321 pages
=490  1\$aUniversità degli studi di Lecce, Dipartimento dei beni delle arti e della storia: Saggi e testi$v22
=504  \\$aIncludes bibliographical references (p. 307-312) and index.
=600  10$aJanequin, Clément$d1472/75/85-1558/9$1http://www.wikidata.org/entity/Q71526$939971
=600  \0$aIsaac, Heinrich$dc. 1450-1517$1http://www.wikidata.org/entity/Q316668$919472
=600  \0$aMonteverdi, Claudio$d1567-1643$1http://www.wikidata.org/entity/Q53068$910794
=648  \0$aRenaissance (1400-1600)$1http://www.wikidata.org/entity/Q4692$920965
=650  \0$aBattaglia$1http://www.wikidata.org/entity/Q4869661$92916
=650  \0$aMusic history$1http://www.wikidata.org/entity/Q846047$921373
=650  \0$aCultural history$1http://www.wikidata.org/entity/Q858517$922395
=650  \0$aMadrigal$1http://www.wikidata.org/entity/Q193217$921649
=650  \0$aVocal music$1http://www.wikidata.org/entity/Q685884$93319
=650  \0$aMythology$1http://www.wikidata.org/entity/Q9134$921600
=650  \0$aMilitary music$1http://www.wikidata.org/entity/Q6774721$923663
=650  \0$aWar$1http://www.wikidata.org/entity/Q198$92928
=650  \0$aHunting$1http://www.wikidata.org/entity/Q36963$924959
=651  \0$aEurope$1http://www.wikidata.org/entity/Q46$991
=942  \\$cBOO
=952  \\$00$10$2ddc$40$6GEN_11_000000000000000$70$8GEN$98176$aORPH$bORPH$cKM12_1$d2020-07-08$eKoopman$i46F13$oGEN 11$p20126909$r2021-01-12 00:00:00$w2021-01-12$yBOO
=999  \\$d8182

