=LDR  01785aam a2200253   4500
=001  8183
=005  20251001162234.0
=008  221216s1966\\\\||||||||\||||\00|\0\ger\d
=041  \\$ager
=100  \\$aKorte, Hermann$4edt$925468
=245  \\$aVon deutscher Art und Kunst
=260  \\$aLeipzig$bReclam$c1966
=300  \\$a213 pages
=520  \\$aDer Erstdruck »Von Deutscher Art und Kunst« erschien ohne Herausgebernamen 1773 in Hamburg. Die fünf Teile der Sammlung entfalteten rasch große Wirkung: als Programmschrift einer jungen literarischen Generation, die in der Literaturgeschichtsschreibung bis heute Sturm und Drang genannt wird.
Anonym erschienen hier Johann Gottfried Herders beide Aufsätze »Auszug aus einem Briefwechsel über Ossian und die Lieder alter Völker« und »Shakespear« sowie Johann Wolfgang Goethes »Von Deutscher Baukunst«. Die Sammlung komplettieren Paolo Frisis »Versuch über die Gothische Baukunst« und Justus Mösers Beitrag »Deutsche Geschichte«. 
=648  \0$a18th Century (1701-1800)$1http://www.wikidata.org/entity/Q7015$920899
=650  \0$aAesthetics$1http://www.wikidata.org/entity/Q35986$921494
=651  \0$aGermany$1http://www.wikidata.org/entity/Q183$9155
=700  \\$4aut$aHerder, Johann Gottfried$d1744-1803$1http://www.wikidata.org/entity/Q155547$97596
=700  \\$4aut$aGoethe, Johann Wolfgang von$d1749-1832$1http://www.wikidata.org/entity/Q5879$911175
=700  \\$4aut$aFrisi, Paolo$d1728-1784$1http://www.wikidata.org/entity/Q2755287$925466
=700  \\$4aut$aMöser, Justus$d1720-1794$1http://www.wikidata.org/entity/Q65087$925467
=942  \\$cBOO
=952  \\$00$10$2ddc$40$6PHI_HERD_A$70$8PHI$98177$aORPH$bORPH$cKM12_3_2$d2020-07-08$eKoopman$i40B28$oPHI HERD a$p20120304$r2021-01-12 00:00:00$w2021-01-12$yBOO
=999  \\$d8183

