=LDR  00747    a2200193   4500
=001  8184
=008  211021s1956\\\\|||f||||\||||\00|\0\eng\d
=041  \\$aeng
=100  \\$aHeriot, Angus$4aut$911536
=245  \\$aThe Castrati in Opera
=260  \\$aLondon$bSecker & Warburg$c1956
=300  \\$a243 pages
=648  \0$a18th Century (1701-1800)$1http://www.wikidata.org/entity/Q7015$920899
=650  \0$aOpera$1http://www.wikidata.org/entity/Q1344$92468
=650  \0$aCastrato$1http://www.wikidata.org/entity/Q210970$92704
=651  \0$aItaly$1http://www.wikidata.org/entity/Q38$922
=942  \\$cBOO
=952  \\$00$10$2ddc$40$6INS_2A$70$8INS$98178$aORPH$bORPH$cKTS0$d2020-07-08$eKoopman$i19C28$oINS2a$p20127902$r2021-01-12 00:00:00$w2021-01-12$yBOO
=999  \\$d8184

