=LDR  01318cam a2200289 a 4500
=001  8186
=005  20251003085457.0
=008  950919s1995\\\\fr\a\\\\\c\\\\001\0\fre\\
=020  \\$a2853570037
=020  \\$a2252030062
=040  \\$aOI
=041  \\$afre
=100  \\$aHerlin, Denis$4aut$924147
=245  10$aCatalogue du fonds musical de la Bibliothèque de Versailles
=260  \\$aParis$bKlincksieck$c1995
=300  \\$aclxxiv-778 pages$billustrations$c24 cm
=490  1\$aPublications de la Société française de musicologie. Deuxième série$v14
=610  \0$aBibliothèque municipale de Versailles (France)$1http://www.wikidata.org/entity/Q2901457$924148
=648  \0$a17th Century (1601-1700)$1http://www.wikidata.org/entity/Q7016$920923
=648  \0$a18th Century (1701-1800)$1http://www.wikidata.org/entity/Q7015$920899
=650  \0$aLibrary$1http://www.wikidata.org/entity/Q7075$94229
=650  \0$aCatalogue$1http://www.wikidata.org/entity/Q2352616$921484
=650  \0$aMusic history$1http://www.wikidata.org/entity/Q846047$921373
=651  \0$aVersailles (France)$1http://www.wikidata.org/entity/Q621$920957
=942  \\$cBOO
=952  \\$00$10$2ddc$40$6BIB_4_000000000000000_FR_VER$70$8BIB$98180$aORPH$bORPH$cKTS0$eKoopman$i33D30$oBIB4 FR.VER$p20122719$r2021-01-12 00:00:00$yBOO$d2020-07-08
=999  \\$d8186

