=LDR  01271aam a2200241   4500
=001  8191
=008  250519s2006\\\\|||oaf||\||||\00|\0\spa\d
=041  \\$aspa
=100  \\$aHernandez Torres, Fray Juan José$911541$4aut
=245  \\$aBásilica de San Juan de Dios$b"Templo del la purísima concepción de nuestra senora del sagrado orden de la hospatilidad de nuestro padre San Juna de Dios"
=260  \\$c2006$aGranada$bClave
=300  \\$a146 pages
=610  \0$a Básilica de San Juan de Dios (Granada, Spain)$1http://www.wikidata.org/entity/Q97604504$940233
=648  \0$a18th Century (1701-1800)$1http://www.wikidata.org/entity/Q7015$920899
=650  \0$aArchitecture$1http://www.wikidata.org/entity/Q12271$93185
=650  \0$aFine art$1http://www.wikidata.org/entity/Q219625$921579
=650  \0$aInterior design$1http://www.wikidata.org/entity/Q179232$921367
=650  \0$aChurch$1http://www.wikidata.org/entity/Q16970$93776
=650  \0$aCatholicism$1http://www.wikidata.org/entity/Q1841$921631
=651  \0$aGranada (Spain)$1http://www.wikidata.org/entity/Q8810$926814
=942  \\$cBOO
=952  \\$00$10$2ddc$40$6TOP_ES_GRA$70$8TOP$98185$aORPH$bORPH$cKTS0$d2020-07-08$eKoopman$i43C16$l0$oTOP ES.GRA$p20127192$r2021-01-12 00:00:00$w2021-01-12$yBOO$OKoopman
=999  \\$d8191

