=LDR  00664    a2200157   4500
=001  8192
=008  211228s1959\\\\\\\|||||\||||\00|\0\dut\d
=041  \\$adut$hgrc
=100  \\$aHerodotus$d483 BC-424 BC$4aut$1http://www.wikidata.org/entity/Q26825$96922
=245  \\$aOude oosterse verhalen
=260  \\$c1959
=648  \0$aClassical Antiquity (8th Century BC-6th Century AD)$1http://www.wikidata.org/entity/Q486761$921435
=650  \0$aLiterature$1http://www.wikidata.org/entity/Q8242$94439
=942  \\$cBOO
=952  \\$00$10$2ddc$40$6LIT_HERO_A$70$8LIT$98186$aORPH$bORPH$cKM12_2_H$d2020-07-08$eKoopman$i40G47$oLIT HERO a$p20130289$r2021-01-12 00:00:00$w2021-01-12$yBOO
=999  \\$d8192

