=LDR  00732    a2200181   4500
=001  8195
=008  210624s1859\\\\\\\|||||\||||\00|\0\ger\d
=041  \\$ager
=100  \\$aHerrmann-Bengen, Irmgard$4aut$911544
=245  \\$aTempobezeichnungen:$bUrsprung. Wandel
=260  \\$aTutzing$bSchneider$c1959
=300  \\$a210 pages
=490  \\$aMünchner Veröffentlichungen zur Musikgeschichte$v1
=650  \0$aTempo$1http://www.wikidata.org/entity/Q189214$92723
=650  \0$aMusic history$1http://www.wikidata.org/entity/Q846047$921373
=942  \\$cBOO
=952  \\$00$10$2ddc$40$6MTP_1_000000000000000_HERR$70$8MTP$98189$aORPH$bORPH$cKM12_1$d2020-07-08$eKoopman$i30F10$l0$oMTP1 HERR$p20123319$r2021-01-12 00:00:00$w2021-01-12$yBOO
=999  \\$c8195$d8195

