=LDR  01499nam a2200325 a 4500
=001  8196
=005  20251003085457.0
=008  860211s1985\\\\gw\ag\\\\bc\\\001\0\ger\\
=020  \\$a3873280426
=040  \\$aOI
=041  \\$ager
=100  \\$aHerrmann-Schneider, Hildegard$4edt$911545
=245  14$aDie Musikhandschriften der St. Michaelskirche in München:$bthematischer Katalog
=260  \\$aMunich$bHenle$c1985
=300  \\$axxxvi-392 pages$billustrations$c30 cm
=490  \\$aKataloge Bayerischer Musiksammlungen
=490  \\$a7
=504  \\$aBibliography: p. 365-368.
=610  \0$aSt. Michael (Munich, Germany)$1http://www.wikidata.org/entity/Q265745$91365
=648  \0$a19th Century (1801-1900)$1http://www.wikidata.org/entity/Q6955$920935
=650  \0$aChurch$1http://www.wikidata.org/entity/Q16970$93776
=650  \0$aChurch music$1http://www.wikidata.org/entity/Q8812109$1http://www.wikidata.org/entity/Q1065742$92283
=650  \0$aLibrary$1http://www.wikidata.org/entity/Q7075$94229
=650  \0$aVocal music$1http://www.wikidata.org/entity/Q685884$93319
=650  \0$aManuscript$1http://www.wikidata.org/entity/Q87167$92275
=650  \0$aCatalogue$1http://www.wikidata.org/entity/Q2352616$921484
=651  \0$aMunich (Germany)$1http://www.wikidata.org/entity/Q1726$9268
=942  \\$cBOO
=952  \\$00$10$2ddc$40$6BIB_4_000000000000000_DE_MUN1$70$8BIB$98190$aORPH$bORPH$cKTS0$d2020-07-08$eKoopman$i44C13$oBIB4 DE.MUN1$p20126658$r2021-01-12 00:00:00$w2021-01-12$yBOO
=999  \\$d8196

