=LDR  00832cam a2200217 i 4500
=001  8197
=005  20230123092051.0
=008  770413s1976\\\\gw\af\\\\b\\\\000\0\ger\\
=015  \\$aGFR***
=020  \\$a3873971097
=040  \\$aOI
=100  \\$aHerrmann, Hildegard Luise Appelbaum$d1900-?$911546
=245  10$aThematisches Verzeichnis der Werke von Joseph Eybler /$cHildegard Herrmann.
=260  \\$aMünchen :$bE. Katzbichler,$c1976.
=300  \\$a301 p., [3] leaves of plates :$bill. ;$c25 cm.
=504  \\$aBibliography: p. 298-301.
=600  \0$aEybler, Joseph von$d1765-1846$911547
=942  \\$cBOO
=952  \\$00$10$2ddc$40$6BIO_EYBL_D$70$8BIO$98191$aORPH$bORPH$cKTS1_P$d2020-07-08$eKoopman$i22C19$oBIO EYBL d$p20125712$r2021-01-12 00:00:00$w2021-01-12$yBOO$OKoopman
=999  \\$c8197$d8197
=490  \\$aMusikwissenschaftliche Schriften ;

