=LDR  01453cam a22003014a 4500
=001  8200
=005  20250925143258.0
=008  091002s2008\\\\ne\a\\\\\b\\\\000\0ddut\\
=020  \\$a9789460040122
=040  \\$aOI
=041  \\$adut
=100  \\$aKool, Nico$911551$4edt
=245  10$aBoeken, veel boeken, en mensen:$bherinneringen aan Internationaal Antiquariaat Menno Hertzberger, 1920-1970
=260  \\$aNijmegen$bVantilt$c2008
=300  \\$a63 pages$billustrations$c24 cm
=504  \\$aIncludes bibliographical references (p. 59-63).
=600  \0$aHertzberger, Menno$d1897-1982$1http://www.wikidata.org/entity/Q3213022$911550
=610  \0$aInternationaal Antiquariaat Menno Hertzberger & Co. (Amsterdam, Netherlands)$91366
=610  \0$aJews$1http://www.wikidata.org/entity/Q7325$924173
=648  \0$1http://www.wikidata.org/entity/Q6927$a20th Century (1901-2000)$920936
=650  \0$1http://www.wikidata.org/entity/Q571$aBook$92285
=650  \0$1http://www.wikidata.org/entity/Q601401$aTrade$923616
=650  \0$1http://www.wikidata.org/entity/Q208165$aCollecting$92117
=650  \0$1http://www.wikidata.org/entity/Q56418598$aAntiquarianism$93233
=651  \0$1http://www.wikidata.org/entity/Q727$aAmsterdam (Netherlands)$9135
=942  \\$cBOO
=952  \\$00$10$2ddc$40$6BIB_4_000000000000000_NL_AMS$70$8BIB$98194$aORPH$bORPH$cKTS0$d2020-07-08$eKoopman$i38C33$l0$oBIB4 NL.AMS$p20120416$r2021-01-12 00:00:00$w2021-01-12$yBOO$OKoopman
=999  \\$d8200

