=LDR  01989ncm a22003497ib4500
=001  8201
=005  20250205110319.0
=008  041117m19651969gw\mua\|||\\\\\\\\\\ger|c
=041  \\$ager
=100  1\$aAttwood, Thomas$d1765-1838$1http://www.wikidata.org/entity/Q2422110$4cmp$927341
=245  13$aThomas Attwoods Theorie- und Kompositionsstudien bei Mozart
=260  \\$aKassel$bBärenreiter$c1965$c1969
=300  \\$a2 volumes (xxii-279+xxiv-262 pages)$bfacsimiles$c33 cm
=490  \\$aNeue Mozart Ausgabe$vX/30/1
=500  \\$aMozart's handwriting is in red, that of Attwood in black.
=590  \\$avorgelegt von Erich Herzmann und Cecil B. Oldman ; fertiggestellt von Daniel Heartz und Alfred Mann
=648  \0$a18th Century (1701-1800)$1http://www.wikidata.org/entity/Q7015$920899
=650  \0$aMusic education$1http://www.wikidata.org/entity/Q27908$921766
=650  \0$aComposing$1http://www.wikidata.org/entity/Q92186587$93076
=650  \0$aMusic theory$1http://www.wikidata.org/entity/Q193544$92662
=650  \0$aMusical sketch$1http://www.wikidata.org/entity/Q48797082$92029
=651  \0$aVienna (Austria)$1http://www.wikidata.org/entity/Q1741$920937
=700  \\$aMozart, Wolfgang Amadeus$d1756-1791$1http://www.wikidata.org/entity/Q254$4cmp$95341
=700  \\$aHeartz, Daniel$d1928-2019$1http://www.wikidata.org/entity/Q5217453$4edt$918794
=700  \\$aMann, Alfred$d1917-2006$4edt$915599
=700  \\$aOldman, Cecil B.$4edt$927342
=700  \\$aHertzmann, Erich$4edt$927343
=856  \\$uhttps://dme.mozarteum.at/DME/nma/nma_cont.php?vsep=223&gen=edition&l=2&p1=-30$3X/30/1
=942  \\$cSCO
=952  \\$00$10$2ddc$3Score$40$6SCO_MOZA1$70$8SCO$98117$aORPH$bORPH$cKTS1_P$d2020-07-08$eKoopman$i31C03-X/30-1$l0$oSCO MOZA1$p20123267$r2021-01-12 00:00:00$w2021-01-12$yTYPE_UNK
=952  \\$00$10$2ddc$3Critical report$40$6SCO_MOZA1$70$8SCO$98195$aORPH$bORPH$cKTS1_P$d2020-07-08$eKoopman$i31C30-X/1$l0$oSCO MOZA1$p20123268$r2021-01-12 00:00:00$w2021-01-12$yBOO
=999  \\$d8201

