=LDR  00387    a2200109   4500
=001  8202
=100  \\$aHerwich, C.$4cmp$911553
=245  \\$aDuo's voor melodie-instrument en
=260  \\$c1976
=942  \\$cSCO
=952  \\$00$10$2ddc$40$6SCO_MISC_RASC$70$8SCO$98196$aORPH$bORPH$cKTS1_P$d2020-07-08$eKoopman$iW178-VII$l0$oSCO MISC RASC$p20121700$r2021-01-12 00:00:00$w2021-01-12$ySCO$OW.0178-VII
=999  \\$c8202$d8202

