=LDR  01147pam a2200253 a 4500
=001  8203
=005  20250926134855.0
=008  840913s1984\\\\gw\ch\\\\bc\\\001\0\eng\\
=020  \\$a3761807244
=040  \\$aOI
=041  0\$aengger
=100  \\$aHerz, Gerhard,$d-1911$911554
=245  10$aBach-Quellen in Amerika =$bBach sources in America /$cGerhard Herz.
=260  \\$aKassel ;$aNew York :$bBärenreiter ;$aAnn Arbor, Mich. :$bDistributed in North America by UMI Research Press,$c1984.
=300  \\$a434 p. :$bfacsims., ports. ;$c25 cm.
=504  \\$aIncludes bibliographical references and indexes.
=600  \0$aBach, Johann Sebastian$d1685-1750$1http://www.wikidata.org/entity/Q1339$94766
=650  \0$aManuscript$1http://www.wikidata.org/entity/Q87167$92275
=600  \0$aBach, Johann Sebastian$d1685-1750$1http://www.wikidata.org/entity/Q1339$94766
=740  0\$aBach sources in America.
=942  \\$cBOO
=952  \\$00$10$2ddc$40$6BIO_BACH1_B$70$8BIO$98197$aORPH$bORPH$cKTS1_P$d2020-07-08$eKoopman$i32A33$oBIO BACH1 b$p20122967$r2021-01-12 00:00:00$w2021-01-12$yBOO
=999  \\$c8203$d8203
=651  \0$aUSA$1http://www.wikidata.org/entity/Q30$943

