=LDR  01023aam a2200205   4500
=001  8204
=008  250128s1906\\\\||||||||\||||\00|\0dger\d
=041  \\$ager
=100  \\$aHess, Heinz$dfl. 1906$911557$4aut
=245  \\$aZur Geschichte des musikalischen Dramas im Seicento.$bDie Opern Alessandro Stradella's
=260  \\$aLeipzig$bBreitkopf & Härtel$c1906
=490  \\$aPublikationen der Internationalen Musikgesellschaft. Beihefte, Zweite Folge$vIII
=600  \0$aStradella, Alessandro$d1639-1682$1http://www.wikidata.org/entity/Q314765$911109
=648  \0$a17th Century (1601-1700)$1http://www.wikidata.org/entity/Q7016$920923
=650  \0$aOpera$1http://www.wikidata.org/entity/Q1344 $92468
=650  \0$aMusic history$1http://www.wikidata.org/entity/Q846047$921373
=651  \0$aItaly$1http://www.wikidata.org/entity/Q38$922
=942  \\$cBOO
=952  \\$00$10$2ddc$40$6BIO_STRA2_E$70$8BIO$98198$aORPH$bORPH$cKTS1_P$d2020-07-08$eKoopman$i33C18$l0$oBIO STRA2 e$p20123008$r2021-01-12 00:00:00$w2021-01-12$yBOO$OKoopman
=999  \\$d8204

