=LDR  01092    a2200205   4500
=001  8206
=008  230307r17741945nl\g||||\||||\00|\0\dut\d
=041  \\$adut
=100  \\$aHess, Joachim$d1732-1819$4aut$1http://www.wikidata.org/entity/Q63163196$95260
=245  \\$aDispositien der merkwaardigste Kerk-Orgelen, welken in de zeven Verëenigde Provincien als mede in Duytsland en Eldees aangetroffen worden.$bDienende tot een Vervolg op de Luister Van Het Orgel door Joachim Hess
=260  \\$aUtrecht$bWagenaar$c1945$c1774
=300  \\$a181 pages
=648  \0$a18th Century (1701-1800)$1http://www.wikidata.org/entity/Q7015$920899
=650  \0$aOrgan$1http://www.wikidata.org/entity/Q1444$92810
=650  \0$aOrganology$1http://www.wikidata.org/entity/Q899293$921400
=651  \0$aGouda (Netherlands)$1http://www.wikidata.org/entity/Q84125$920853
=700  \\$aErné, Lambert$4edt$926604
=942  \\$cBOO
=952  \\$00$10$2ddc$40$6INS_3_000000000000000_1B_NL$70$8INS$98199$aORPH$bORPH$cKTS0$d2020-07-08$eKoopman$i22F15$l0$oINS3.1b NL$p20128843$r2021-01-12 00:00:00$w2021-01-12$yBOO$OKoopman
=999  \\$d8206

