=LDR  00998    a2200205   4500
=001  8213
=005  20250925143258.0
=008  211117s1943\\\\\\\|||||\||||\00|\f\ger\d
=041  \\$ager
=100  \\$aHesse, Hermann$d1877-1962$1http://www.wikidata.org/entity/Q25973$911560
=245  \\$aDas Glasperlenspiel:$bVersuch einer Lebensbeschreibung des Magister Ludi Josef Knecht samt Knechts hinterlassenen Schriften
=250  \\$a1st ed.
=260  \\$aZürich$bFretz & Wasmuth$c1943
=300  \\$a2 vols.
=648  \0$a20th Century (1901-2000)$1http://www.wikidata.org/entity/Q6927$920936
=650  \0$aNovel$1http://www.wikidata.org/entity/Q8261$921629
=942  \\$cBOO
=952  \\$00$10$2ddc$40$6LIT_HESS_A$70$8LIT$98205$aORPH$bORPH$cKM12_2_H$d2020-07-08$eKoopman$i40C01-II$oLIT HESS a$p20120299$r2021-01-12 00:00:00$w2021-01-12$yBOO
=952  \\$00$10$2ddc$40$6LIT_HESS_A$70$8LIT$98206$aORPH$bORPH$cKM12_2_H$d2020-07-08$eKoopman$i40C01-II$oLIT HESS a$p20120298$r2021-01-12 00:00:00$w2021-01-12$yBOO
=999  \\$d8213

