=LDR  01293cam a2200289 a 4500
=001  8214
=005  20251103124736.0
=008  990810s1999\\\\gw\g\\\\\b\\\\000\0\ger\\
=020  \\$a3795787106
=041  \\$ager
=100  \\$aHeuser, Paul$d-1929$4aut$911561
=245  14$aDas Clavierspiel der Bachzeit:$bEin aufführungspraktisches Handbuch nach den Quellen. Klavier, Cembalo, Orgel
=250  \\$a1st ed.
=260  \\$aMainz $aNew York $bSchott$c1999
=300  \\$a178 pages
=336  \\$aprinted
=490  \\$aStudienbuch Musik
=504  \\$aIncludes bibliographical references (p. 169-178).
=600  \0$aBach, Johann Sebastian$d1685-1750$1http://www.wikidata.org/entity/Q1339$94766
=648  \0$a18th Century (1701-1800)$1http://www.wikidata.org/entity/Q7015$920899
=650  \0$aHistorically informed performance$1http://www.wikidata.org/entity/Q1344860$920980
=650  \0$aKeyboard music$1http://www.wikidata.org/entity/Q105715630$921412
=650  \0$aMusical interpretation$1http://www.wikidata.org/entity/Q1668139$94533
=651  \0$aGermany$1http://www.wikidata.org/entity/Q183$9155
=942  \\$cBOO
=952  \\$00$10$2ddc$40$6INS_3_000000000000000_2D$70$8INS$98207$aORPH$bORPH$cKTS0$d2020-07-08$eKoopman$i33E19$oINS3.2d$p20120970$r2021-01-12 00:00:00$w2021-01-12$yBOO
=999  \\$d8214

