=LDR  02228aam a2200277   4500
=001  8217
=005  20250925143258.0
=008  230509s2000\\\\|||o||||\||||\00|\0adut\d
=020  \\$a9070459345
=020  \\$a9789070459345
=041  \\$adut
=100  \\$aHeuwekemeijer, Piet$d1915-2008$1http://www.wikidata.org/entity/Q117223689$4aut$911564
=245  \\$aDe autobiografie van Piet Heuwekemeijer:$bvijftig jaar symfonieorkest
=260  \\$c2000$aAmsterdam$bDe Appelbloesem Pers
=300  \\$a287 pages$bCD
=520  \\$aOn the occasion of his 85th birthday, Piet Heuwekemeijer published his personal memories in book form. He started his career as a violinist with the Concertgebouw Orchestra, but soon became involved in its management. From 1959 to 1967, he was the orchestra's business director. He then became the business and artistic director of the five broadcasting orchestras and 'het Groot Omroepkoor'. Even after his retirement in 1980, he remained actively involved with the Dutch symphony orchestras, including as an advisor to the government. The author writes eloquently about his numerous managerial activities and the many contacts with great conductors and soloists. He begins his memoirs with the childhood and study years in Amsterdam; he also recounts the time he served as second violinist in the Concertgebouw Orchestra under conductors Willem Mengelberg and Eduard van Beinum. The book is illustrated with many black-and-white photographs and other images.
=610  \0$1http://www.wikidata.org/entity/Q827768$aKoninklijk Concertgebouworkest (Amsterdam, Netherlands)$91650
=648  \0$1http://www.wikidata.org/entity/Q6927$a20th Century (1901-2000)$920936
=650  \0$1http://www.wikidata.org/entity/Q36279$aBiography$91927
=650  \0$1http://www.wikidata.org/entity/Q1259917$aViolinist$93278
=650  \0$1http://www.wikidata.org/entity/Q42998$aOrchestra$93159
=650  \0$1http://www.wikidata.org/entity/Q943995$aImpresario$92149
=651  \0$1http://www.wikidata.org/entity/Q55$aNetherlands$9173
=942  \\$cBOO
=952  \\$00$10$2ddc$40$6BIO_HEUW_A$70$8BIO$98210$aORPH$bORPH$cKTS1_P$d2020-07-08$eKoopman$i42D33$l0$oBIO HEUW a$p20120052$r2021-01-12 00:00:00$w2021-01-12$yBOO$OKoopman
=999  \\$d8217

