=LDR  01110    a2200241   4500
=001  8219
=008  211104s1978\\\\gw\fa|||\||||\00|\0\ger\d
=020  \\$a3370000849
=041  \\$ager
=100  \\$aHeyde, Herbert$4aut$911565
=245  \\$aFlöten.$bMusikinstrumenten-Museum der Karl-Marx-Universität Leipzig. Katalog-Band I
=260  \\$c1978$aLeipzig$bVeb Deutsche Verlag für Musik
=300  \\$a160 pages
=336  \\$aprinted
=610  \0$aKarl-Marx-Universität (Leipzig, Germany)$1http://www.wikidata.org/entity/Q154804$921107
=648  \0$a17th Century (1601-1700)$1http://www.wikidata.org/entity/Q7016$920923
=648  \0$a18th Century (1701-1800)$1http://www.wikidata.org/entity/Q7015$920899
=650  \0$aFlute$1http://www.wikidata.org/entity/Q11405$921276
=650  \0$aRecorder$1http://www.wikidata.org/entity/Q187851$91903
=650  \0$aOrganology$1http://www.wikidata.org/entity/Q899293$921400
=942  \\$cBOO
=952  \\$00$10$2ddc$40$6INS_6_000000000000000_2A_DE_LEI$70$8INS$98212$aORPH$bORPH$cKTS0$d2020-07-08$eKoopman$oINS6.2a DE.LEI$p20127932$r2021-01-12 00:00:00$w2021-01-12$yBOO
=999  \\$d8219

