=LDR  01073    a2200229   4500
=001  8220
=008  211109s1982\\\\gw\a||||\||||\00|\0\ger\d
=041  \\$ager
=100  \\$aHeyde, Herbert$4aut$911565
=245  \\$aHörner und Zinken
=260  \\$c1982$aLeipzig$bDeutscher Verlag für Musik
=300  \\$a271 pages (80 pages plates)
=336  \\$aprinted
=490  \\$aMusikinstrumenten-Museum Leipzig Katalog$vBand 5
=610  20$aMusikinstrumenten-Museum der Karl-Marx-Universität (Leipzig, Germany)$1http://www.wikidata.org/entity/Q154804$926566
=648  \0$a16th Century (1501-1600)$1http://www.wikidata.org/entity/Q7017$920944
=648  \0$a17th Century (1601-1700)$1http://www.wikidata.org/entity/Q7016$920923
=648  \0$a18th Century (1701-1800)$1http://www.wikidata.org/entity/Q7015$920899
=650  \0$aHorn$1http://www.wikidata.org/entity/Q163759$922458
=942  \\$cBOO
=952  \\$00$10$2ddc$40$6INS_7_000000000000000_2A_DE_LEI$70$8INS$98213$aORPH$bORPH$cKTS0$d2020-07-08$eKoopman$i19C06$oINS7.2a DE.LEI$p20127930$r2021-01-12 00:00:00$w2021-01-12$yBOO
=999  \\$d8220

