=LDR  01342nam a2200289 a 4500
=001  8222
=005  20250925143258.0
=008  910417s1989\\\\gw\af\\\\\\\\\001\0\ger\\
=020  \\$a3765102601
=041  \\$ager
=245  10$aHistorische Musikinstrumente der Staatlichen Reka-Sammlung am Bezirksmuseum Viadrina Frankfurt (Oder) 
=250  \\$a1. Aufl.
=260  \\$aWiesbaden$bBreitkopf & Härtel$c1989
=300  \\$a208 pages 96 
=504  \\$aIncludes bibliographical references, index, and 92 pages of plates
=561  \\$aEx Libris Ton Koopman
=648  \0$a16th Century (1501-1600)$1http://www.wikidata.org/entity/Q7017$920944
=648  \0$a17th Century (1601-1700)$1http://www.wikidata.org/entity/Q7016$920923
=648  \0$a18th Century (1701-1800)$1http://www.wikidata.org/entity/Q7015$920899
=648  \0$a19th Century (1801-1900)$1http://www.wikidata.org/entity/Q6955$920935
=648  \0$a20th Century (1901-2000)$1http://www.wikidata.org/entity/Q6927$920936
=650  \0$aOrganology$1http://www.wikidata.org/entity/Q899293$921400
=651  \0$aGermany$1http://www.wikidata.org/entity/Q183$9155
=700  \\$4aut$aHeyde, Herbert$911565
=942  \\$cBOO
=952  \\$00$10$2ddc$40$6INS_1B_DE_FRA1$70$8INS$98215$aORPH$bORPH$cKTS0$d2020-07-08$eKoopman$i21C34$oINS1b DE.FRA1$p20128205$r2021-01-12 00:00:00$w2021-01-12$yBOO
=999  \\$d8222

