=LDR  01137aam a2200253   4500
=001  8223
=005  20251003085457.0
=008  211006s1976\\\\gw\f||||\||||\00|\0\ger\d
=041  \\$ager
=245  \\$aHistorische Musikinstrumente im Bachhaus Eisenach
=260  \\$c1976$aGermany
=300  \\$a301 pages
=561  \\$aEx Libris Ton Koopman
=600  \0$aBach, Johann Sebastian$d1685-1750$1http://www.wikidata.org/entity/Q1339$94766
=648  \0$a16th Century (1501-1600)$1http://www.wikidata.org/entity/Q7017$920944
=648  \0$a17th Century (1601-1700)$1http://www.wikidata.org/entity/Q7016$920923
=648  \0$a18th Century (1701-1800)$1http://www.wikidata.org/entity/Q7015$920899
=650  \0$aCatalogue$1http://www.wikidata.org/entity/Q2352616$921484
=650  \0$aOrganology$1http://www.wikidata.org/entity/Q899293$921400
=651  \0$aEisenach (Germany)$1http://www.wikidata.org/entity/Q7070$922310
=700  \\$4aut$aHeyde, Herbert$911565
=942  \\$cBOO
=952  \\$00$10$2ddc$40$6INS_1B_DE_EIS1$70$8INS$98216$aORPH$bORPH$cKTS0$d2020-07-08$eKoopman$i35E25$oINS1b DE.EIS1$p20122487$r2021-01-12 00:00:00$w2021-01-12$yBOO
=999  \\$d8223

