=LDR  00930aam a2200217   4500
=001  8231
=008  250602s1979\\\\||||||||\||||\00|\0bdut\d
=020  \\$a9029519401
=041  \\$adut$hger
=100  \\$aHildesheimer, Wolfgang$d1916-1991$1http://www.wikidata.org/entity/Q51510$911573$4aut
=245  \\$aMozart
=260  \\$c1979
=648  \0$a18th Century (1701-1800)$1http://www.wikidata.org/entity/Q7015$920899
=650  \0$aComposer$1http://www.wikidata.org/entity/Q36834$93625
=650  \0$aBiography$1http://www.wikidata.org/entity/Q36279$91927
=651  \0$aSalzburg (Austria)$1http://www.wikidata.org/entity/Q34713$921433
=651  \0$aVienna (Austria)$1http://www.wikidata.org/entity/Q1741$920937
=700  \\$aHom, H.$4trl$940282
=942  \\$cBOO
=952  \\$00$10$2ddc$40$6BIO_MOZA1_D$70$8BIO$98224$aORPH$bORPH$cKTS1_P$d2020-07-08$eKoopman$i23A04$oBIO MOZA1 d$p20128482$r2021-01-12 00:00:00$w2021-01-12$yBOO$OKoopman
=999  \\$d8231

