=LDR  00929    a2200217   4500
=001  8234
=008  220131s1966\\\\nl\a||||\||||\00|\0\eng\d
=041  \\$aeng
=100  \\$aHill, A. George$d1857-1923$4aut$911577
=245  \\$aThe Organ-Cases and Organs of the Middle Ages And Renaissance
=260  \\$c1966$aHilversum$bFrits Knuf
=300  \\$a259 pages
=336  \\$aprinted
=648  \0$aMiddle Ages (500-1400)$1http://www.wikidata.org/entity/Q12554$920964
=648  \0$a15th Century (1401-1500)$1http://www.wikidata.org/entity/Q7018$921015
=650  \0$aOrgan$1http://www.wikidata.org/entity/Q1444$92810
=650  \0$aOrganology$1http://www.wikidata.org/entity/Q899293$921400
=700  \\$4win$aSumner, William Leslie$d1904-1973$914310
=942  \\$cBOO
=952  \\$00$10$2ddc$40$6INS_3_000000000000000_1A$70$8INS$98227$aORPH$bORPH$cKTS0$d2020-07-08$eKoopman$i24B19$oINS3.1a$p20128734$r2021-01-12 00:00:00$w2021-01-12$yBOO
=999  \\$d8234

