=LDR  01216aam a2200241   4500
=001  8235
=008  250905s1979\\\\||||||||\||||\00|\0beng\d
=041  \\$aeng
=100  \\$aHill, John Walter$d1942-$1http://www.wikidata.org/entity/Q93238966$914652$4aut
=245  \\$aThe Life and Works of Francesco Maria Veracini
=260  \\$aAnn Arbor, MI$bUMI Research Press$c1979
=490  \\$aStudies in Musicology$v3
=600  \0$aVeracini, Francesco Maria$d1690-1768$1http://www.wikidata.org/entity/Q713268$96145
=648  \0$a18th Century (1701-1800)$1http://www.wikidata.org/entity/Q7015$920899
=650  \0$aComposer$1http://www.wikidata.org/entity/Q36834$93625
=650  \0$aViolinist$1http://www.wikidata.org/entity/Q1259917$93278
=650  \0$aBiography$1http://www.wikidata.org/entity/Q36279$91927
=651  \0$aFlorence (Italy)$1http://www.wikidata.org/entity/Q2044$9248
=651  \0$aLondon (United Kingdom)$1http://www.wikidata.org/entity/Q84$9123
=651  \0$aDresden (Germany)$1http://www.wikidata.org/entity/Q1731$947
=942  \\$cBOO
=952  \\$00$10$2ddc$40$6BIO_VERA_D$70$8BIO$98228$aORPH$bORPH$cKTS1_P$d2020-07-08$eKoopman$i23B01$oBIO VERA d$p20128558$r2021-01-12 00:00:00$w2021-01-12$yBOO$OKoopman
=999  \\$d8235

