=LDR  01295aam a2200253   4500
=001  8236
=005  20250926134855.0
=008  220804s1987\\\\||||||||\||||\00|\0\eng\d
=041  \\$aeng
=100  \\$aHill, R. S.$4aut$911579
=245  \\$aThe Möller Manuscript and the Andreas Bach Book:$bTwo Keyboard Anthologies from the Circle of the Young Johann Sebastian Bach
=260  \\$aCambridge, MA$bHarvard University$c1987
=300  \\$a2 vols.
=500  \\$aDoctoral dissertation
=561  \\$aHandwritten dedication to Gustav Leonhardt
=600  \0$aBach, Andreas$924579
=600  \0$aBach, Johann Sebastian$d1685-1750$1http://www.wikidata.org/entity/Q1339$94766
=610  \0$aLeipziger Stadtbibliothek (Germany)$1http://www.wikidata.org/entity/Q2326875$91252
=648  \0$a17th Century (1601-1700)$1http://www.wikidata.org/entity/Q7016$920923
=650  \0$aKeyboard music$1http://www.wikidata.org/entity/Q105715630$921412
=942  \\$cDIS
=952  \\$00$10$2ddc$3vol. 1$40$6BIO_BACH1_E$70$8BIO$98229$aORPH$bORPH$cKTS1_P$d2020-07-08$eKoopman$i31B21_01$oBIO BACH1 e$p20121110$r2021-01-12 00:00:00$w2021-01-12$yDIS
=952  \\$00$10$2ddc$3vol. 2$40$6BIO_BACH1_E$70$8BIO$98230$aORPH$bORPH$cKTS1_P$d2020-07-08$eKoopman$i31B21_02$oBIO BACH1 e$p20121109$r2021-01-12 00:00:00$w2021-01-12$yDIS
=999  \\$d8236

