=LDR  00866aam a2200181   4500
=001  8238
=008  250904q1959\\\\||||||||\||||\00|\0adut\d
=041  \\$adut
=100  \\$aHille-Gaerthé, C. M.$911580$4aut
=245  \\$aZwolse mijmeringen:$bherinneringen aan de jaren 1881-1914
=260  \\$aZwolle$bKoninklijke Uitgeverij van de erven J. J. Tijl$cc. 1959
=648  \0$a19th Century (1801-1900)$1http://www.wikidata.org/entity/Q6955$920935
=650  \0$aBiography$1http://www.wikidata.org/entity/Q36279$91927
=650  \0$aChild prodigy$1http://www.wikidata.org/entity/Q205178$923988
=651  \0$aZwolle (Netherlands)$1http://www.wikidata.org/entity/Q793$985
=942  \\$cBOO
=952  \\$00$10$2ddc$40$6TOP_NL_ZWO_6_000000000000000$70$8TOP$98231$aORPH$bORPH$cKTS0$d2020-07-08$eKoopman$i21C52$l0$oTOP NL.ZWO 6$p20128231$r2021-01-12 00:00:00$w2021-01-12$yBOO$OKoopman
=999  \\$d8238

