=LDR  00930aam a2200193   4500
=001  8239
=008  230224s1958\\\\||||||||\||||\00|\0bger\d
=041  \\$ager
=100  \\$aHiller, Ferdinand$d1811-1885$4aut$1http://www.wikidata.org/entity/Q213530$920561
=245  \\$aAus Ferdinand Hillers Briefwechsel
=260  \\$c1958
=500  \\$aFerdinand (von) Hiller (1811-1885) was a German composer, conductor, pianist, writer and music director. 
=650  \0$aBiography$1http://www.wikidata.org/entity/Q36279$91927
=650  \0$aComposer$1http://www.wikidata.org/entity/Q36834$93625
=650  \0$aConductor$1http://www.wikidata.org/entity/Q158852$93134
=700  1\$4edt$aSietz, Reinhold$d1895-1973$1http://www.wikidata.org/entity/Q59531081$925770
=942  \\$cBOO
=952  \\$00$10$2ddc$40$6BIO_HILL_A$70$8BIO$98232$aORPH$bORPH$cKTS1_P$d2020-07-08$eKoopman$i32F12$oBIO HILL a$p20123091$r2021-01-12 00:00:00$w2021-01-12$yBOO$OKoopman
=999  \\$d8239

