=LDR  00779cam a2200193 a 4500
=001  8241
=005  20250926134855.0
=008  001201s2000\\\\ne\a\\\\\b\\\\001\0ddut\\
=020  \\$a9026316208
=040  \\$aOI
=100  \\$aHilst, Rob van der.$911583
=245  14$aEen engel uit de hemel :$bdriehonderd jaar Bach en Nederland /$cRob van der Hilst.
=260  \\$aAmsterdam :$bAmbo,$cc2000.
=300  \\$a232 p. :$bill. ;$c22 cm.
=504  \\$aIncludes bibliographical references (p. 216-224) and index.
=600  \0$aBach, Johann Sebastian$d1685-1750$1http://www.wikidata.org/entity/Q1339$94766
=942  \\$cBOO
=952  \\$00$10$2ddc$40$6BIO_BACH1_D$70$8BIO$98234$aORPH$bORPH$cKTS1_P$d2020-07-08$eKoopman$i24F30$oBIO BACH1 d$p20125855$r2021-01-12 00:00:00$w2021-01-12$yBOO
=999  \\$c8241$d8241

