=LDR  00939cam a2200229 a 4500
=001  8242
=005  20250926134855.0
=008  010115s2000\\\\ne\a\\\\\bk\\\000\0bdut\\
=015  \\$aNe00-50
=020  \\$a9043901490
=040  \\$aOI
=100  \\$aHilst, Rob van der.$911583
=245  10$a1750, het laatste jaar van Johann Sebastian Bach /$cRob van der Hilst.
=260  \\$aBaarn :$bTirion,$cc2000.
=300  \\$a96 p. :$bill. ;$c21 cm.
=504  \\$aIncludes discography (p. 90-91) and bibliographical references (p. 94-95).
=600  \0$aBach, Johann Sebastian$d1685-1750$1http://www.wikidata.org/entity/Q1339$94766
=650  \0$aComposer$1http://www.wikidata.org/entity/Q36834$93625
=942  \\$cBOO
=952  \\$00$10$2ddc$40$6BIO_BACH1_E$70$8BIO$98235$aORPH$bORPH$cKTS1_P$d2020-07-08$eKoopman$i28E46$oBIO BACH1 e$p20121388$r2021-01-12 00:00:00$w2021-01-12$yBOO
=999  \\$c8242$d8242
=651  \0$aGermany$1http://www.wikidata.org/entity/Q183$9155

