=LDR  01050nam a22002417a 4500
=001  8243
=008  810423s1981\\\\gw\aof\\\\\\\\001\0|ger\\
=041  \\$ager
=245  00$aBarock in Baden-Württemberg
=260  \\$aStuttgart$bTheiss$c1981
=300  \\$a259 pages
=648  \0$a17th Century (1601-1700)$1http://www.wikidata.org/entity/Q7016$920923
=648  \0$a18th Century (1701-1800)$1http://www.wikidata.org/entity/Q7015$920899
=650  \0$aArchitecture$1http://www.wikidata.org/entity/Q12271$93185
=650  \0$aBaroque$1http://www.wikidata.org/entity/Q37853$921255
=651  \0$aBaden-Württemberg (Germany)$1http://www.wikidata.org/entity/Q985$922802
=700  \\$aHimmelein, Volker$d1940-$4aut$911586
=700  \\$aMerten, Klaus$939797$4aut
=700  \\$aSetzler, Wilfried$939798$4aut
=700  \\$aAnstett, Peter$939799$4aut
=942  \\$cBOO
=952  \\$00$10$2ddc$40$6TOP_DE_BAD_5_000000000000000$70$8TOP$98236$aORPH$bORPH$cKTS0$d2020-07-08$eKoopman$i21G25$l0$oTOP DE.BAD 5$p20125562$r2021-01-12 00:00:00$w2021-01-12$yBOO$OKoopman
=999  \\$d8243

