=LDR  01144aam a2200253   4500
=001  8244
=005  20251003085457.0
=008  250228r19831962||||||||\||||\00|\0\ger\d
=020  \\$a3803511917
=041  \\$ager
=100  \\$aHimmelheber, Georg$911587$4aut
=245  \\$aDie Kunstdenkmäler des ehemaligen Oberamts Künzelsau
=260  \\$c1983$aFrankfurt am Main$bWeidlich Reprints
=300  \\$a453 pages
=534  \\$cMainz: Universitätsbibliothek, 1962
=650  \0$aFine art$1http://www.wikidata.org/entity/Q219625$921579
=650  \0$aArchitecture$1http://www.wikidata.org/entity/Q12271$93185
=650  \0$aApplied arts$1http://www.wikidata.org/entity/Q2865882$921627
=650  \0$aCatalogue$1http://www.wikidata.org/entity/Q2352616$1http://www.wikidata.org/entity/Q6941730$921484
=650  \0$aDirectory$1http://www.wikidata.org/entity/Q70326023$939358
=651  \0$aBaden-Württemberg (Germany)$1http://www.wikidata.org/entity/Q985$922802
=942  \\$cBOO
=952  \\$00$10$2ddc$40$6TOP_DE_BAD$70$8TOP$98237$aORPH$bORPH$cKTS0$d2020-07-08$eKoopman$i24D54$l0$oTOP DE.BAD$p20129070$r2021-01-12 00:00:00$w2021-01-12$yBOO$OKoopman
=999  \\$d8244

