=LDR  02210aam a2200277   4500
=001  8245
=005  20250926134855.0
=008  210930s1958\\\\||||||||\||||\00|\0dger\d
=041  \\$ager
=100  \\$aHindemith, Paul$d1895-1963$4aut$916922
=245  \\$aJohann Sebastian Bach.$bEin verplichtendes Erbe
=260  \\$aWiesbaden$bInsel$c1958
=300  \\$a42 pages$epostcard, publisher's catalog
=490  \\$aInsel-Bücherei$v575
=520  \\$aHindemith argues that Johann Sebastian Bach's music represents an essential foundation for Western classical music. He emphasizes that Bach’s works are not just important historically but must be studied and understood as a standard for any serious musician. The essay advocates that Bach's music is not only a model for technical mastery but also for compositional depth, beyond sound (and historically informed performance). Hindemith believed that Bach's music embodied a perfect blend of counterpoint, harmonic structure, and intellectual rigor, making it a key to understanding the evolution of Western music. He suggests that musicians and composers of his own time, and in the future, should view Bach’s music as an indispensable part of their education and creative process. Hindemith's take on Bach is deeply rooted in the German tradition of reverence for Bach's genius. 
=534  \\$aLecture given at the Bachfest, Hamburg, 12 September 1950$cMainz: Insel Verlag, 1950
=561  \\$aEx libris Eva Dellmann, 1960 (manuscript). Contains a postcard with a dedication from Eva Dellmann to Albert Dunning
=600  \0$aBach, Johann Sebastian$d1685-1750$1http://www.wikidata.org/entity/Q1339$94766
=648  \0$a18th Century (1701-1800)$1http://www.wikidata.org/entity/Q7015$920899
=648  \0$a20th Century (1901-2000)$1http://www.wikidata.org/entity/Q6927$920936
=650  \0$aComposer$1http://www.wikidata.org/entity/Q36834$93625
=650  \0$aLegacy$1http://www.wikidata.org/entity/Q623282$922131
=651  \0$aGermany$1http://www.wikidata.org/entity/Q183$9155
=942  \\$cBOO
=952  \\$00$10$2ddc$40$6BIO_BACH1_D$70$8BIO$98238$aORPH$bORPH$cKTS1_P$d2020-07-08$eKoopman$i47C41$oBIO BACH1 d$p20123714$r2021-01-12 00:00:00$w2021-01-12$yBOO
=999  \\$d8245

