=LDR  00853aam a2200205   4500
=001  8247
=008  250331s1990\\\\|||oa|||\b|||\00|\0\ger\d
=041  \\$ager
=100  \\$aHintzenstern, Herbert von$911590$4aut
=245  \\$aDorfkirchen in Thüringen
=250  \\$a4th ed.
=260  \\$c1990$aBerlin$bEvangelische Veranstalt Berlin
=300  \\$a168 pages
=650  \0$aChurch$1http://www.wikidata.org/entity/Q16970$93776
=650  \0$aArchitecture$1http://www.wikidata.org/entity/Q12271$93185
=651  \0$aThuringia (Germany)$1http://www.wikidata.org/entity/Q1205$922311
=700  1\$aBeyer, Klaus G.$d1922-$1http://www.wikidata.org/entity/Q55937557$4pht$926234
=942  \\$cBOO
=952  \\$00$10$2ddc$40$6TOP_DE_THU$70$8TOP$98240$aORPH$bORPH$cKTS0$d2020-07-08$eKoopman$i20G32$l0$oTOP DE.THU$p20128156$r2021-01-12 00:00:00$w2021-01-12$yBOO$OKoopman
=999  \\$d8247

