=LDR  01158cam a2200253 a 4500
=001  8249
=005  20250901113608.0
=008  870415s1986\\\\gw\\\\\\\b\\\\000\0\ger\\
=020  \\$a3761807872
=040  \\$aOI
=041  \\$ager
=100  \\$aHirschmann, Wolfgang$4aut$911592
=245  10$aStudien zum Konzertschaffen von Georg Philipp Telemann
=260  \\$aKassel$aNew York$bBärenreiter$c1986
=300  \\$a251 pages$c26 cm. +$e1 suppl.
=504  \\$aBibliography: p. 249-251.
=600  \0$aTelemann, Georg Philipp$d1681-1767$1http://www.wikidata.org/entity/Q75854$99287
=648  \0$a18th Century (1701-1800)$1http://www.wikidata.org/entity/Q7015$920899
=650  \0$aConcerto$1http://www.wikidata.org/entity/Q9748$921817
=651  \0$aGermany$1http://www.wikidata.org/entity/Q183$9155
=942  \\$cBOO
=952  \\$00$10$2ddc$3Analytische Beigabe$40$6BIO_TELE_E$70$8BIO$98241$aORPH$bORPH$cKTS1_P$d2020-07-08$eKoopman$i23C04$oBIO TELE e$p20128588$r2021-01-12 00:00:00$w2021-01-12$yBOO
=952  \\$00$10$2ddc$40$6BIO_TELE_E$70$8BIO$98242$aORPH$bORPH$cKTS1_P$d2020-07-08$eKoopman$i23C04$oBIO TELE e$p20122994$r2021-01-12 00:00:00$w2021-01-12$yBOO
=999  \\$d8249

