=LDR  00740    a2200169   4500
=001  8250
=008  211206n\\\\\\\\\\\|||||\||||\01|\0\\\\\d
=041  \\$anor
=100  \\$4dte$aJeppesen, Knud$d1892-1974$1http://www.wikidata.org/entity/Q426763$96312
=245  \\$aNatalicia Musicologica$bKnud Jeppesen Septuagenario Collegis Oblata
=260  \\$aOslo$bNorsk Musikforlag$c1962
=300  \\$a319 pages
=700  \\$4edt$aHjelmborg, Bjørn $d1911-1994$1http://www.wikidata.org/entity/Q4919876$911594
=700  \\$4edt$aSørensen, Søren$d1920-2001$914975
=942  \\$cBOO
=952  \\$00$10$2ddc$40$6REF_4_000000000000000_JEPP$70$8REF$98243$aORPH$bORPH$cKM12_1$d2020-07-08$eKoopman$i30E25$oREF4 JEPP$p20123342$r2021-01-12 00:00:00$w2021-01-12$yBOO
=999  \\$d8250

