=LDR  01073aam a2200229   4500
=001  8251
=008  230608s1933\\\\||||||||\||||\00|\0\ger\d
=041  \\$ager
=100  \\$aHoberg, M.$911595$4aut
=245  \\$aDie Gesangbuchillustration des 16. Jahrhunderts.$bEin Beitrag zum Problem Reformation und Kunst
=260  \\$aStrassburg$bHeitz$c1933
=300  \\$a118 pages
=490  \\$aStudien zur deutschen Kunstgeschichte$v296
=648  \0$1http://www.wikidata.org/entity/Q7017$a16th Century (1501-1600)$920944
=650  \0$1http://www.wikidata.org/entity/Q208145$aIconography$921259
=650  \0$1http://www.wikidata.org/entity/Q178659$aIllustration$921171
=650  \0$aVocal music$1http://www.wikidata.org/entity/Q685884$93319
=650  \0$aSong$1http://www.wikidata.org/entity/Q7366$94164
=650  \0$1http://www.wikidata.org/entity/Q23540$aProtestantism$921012
=942  \\$cBOO
=952  \\$00$10$2ddc$40$6BIB_3_000000000000000_HOBE$70$8BIB$98244$aORPH$bORPH$cKTS0$d2020-07-08$eKoopman$i37E03$l0$oBIB3 HOBE$p20122458$r2021-01-12 00:00:00$w2021-01-12$yBOO$OKoopman
=999  \\$d8251

