=LDR  01252cam a2200265 a 4500
=001  8254
=005  20250121142123.0
=008  860212s1983\\\\gw\acg\\\b\\\\001\0\ger\\
=020  \\$a3875371941
=040  \\$aOI
=100  1\$aHochreither, Karl.
=245  10$aZur Aufführungspraxis der Vokal-Instrumentalwerke Johann Sebastian Bachs /$cKarl Hochreither.
=260  \\$aKassel :$bMerseburger,$c1983.
=300  \\$a183 p. :$bill., ports., music ;$c24 cm.
=500  \\$a"Edition Merseburger 1197"--T.p. verso.
=500  \\$aBased on seminars held by the author in 1975 and 1977 at the University of Western Ontario in London, Ontario.
=504  \\$aIncludes bibliographical references and indexes.
=600  10$aBach, Johann Sebastian,$d1685-1750.$tVocal music.
=650  \0$aPerformance practice (Music)$zGermany$xHistory$y18th century.
=952  \\$00$10$2ddc$40$6BIO_BACH1_E$70$8BIO$98247$aORPH$bORPH$cKTS1_P$d2020-07-08$eKoopman$i46C17$oBIO BACH1 e$p20127646$r2021-01-12 00:00:00$w2021-01-12$yBOO
=999  \\$c8254$d8254
=651  \0$aGermany$1http://www.wikidata.org/entity/Q183$9155
=648  \0$a18th Century (1701-1800)$1http://www.wikidata.org/entity/Q7015$920899
=650  \0$aMusic history$1http://www.wikidata.org/entity/Q846047$921373
=942  \\$cBOO

