=LDR  01522cam a2200301 a 4500
=001  8256
=005  20250121142123.0
=008  840917s1984\\\\gw\gh\\\\bc\\\001\0dger\\
=020  \\$a3487075148 (pbk. : Bd. 1)
=020  \\$a3487075156 (pbk. : Bd. 2)
=040  \\$aOI
=041  \\$ager
=100  \\$aHochstein, Wolfgang$4aut$911598
=245  14$aDie Kirchenmusik von Niccolò Jommelli (1714-1774)$bunter besonderer Berücksichtigung der liturgisch gebundenen Kompositionen
=260  \\$aHildesheim$aNew York$bOlms$c1984
=300  \\$a2 vols.$btables, music, facsimiles$c22-31 cm
=490  1\$aStudien zur Musikwissenschaft$v1
=504  \\$aBibliography: v. 1, p. 355-364.
=505  2\$aBd. 2. Thematisch-systematischer Katalog, Abbildungen und Notenteil.
=600  \0$aJommelli, Niccolò$d1714-1774$1http://www.wikidata.org/entity/Q312891$94785
=648  \0$a18th Century (1701-1800)$1http://www.wikidata.org/entity/Q7015$920899
=650  \0$aChurch music$1http://www.wikidata.org/entity/Q8812109$92283
=650  \0$aCatholicism$1http://www.wikidata.org/entity/Q1841$921631
=651  \0$aItaly$1http://www.wikidata.org/entity/Q38$922
=942  \\$cBOO
=952  \\$00$10$2ddc$40$6BIO_JOMM_E$70$8BIO$98248$aORPH$bORPH$cKTS1_P$d2020-07-08$eKoopman$i20G39-I$l1$oBIO JOMM e$p20128149$r2024-09-24 00:00:00$s2024-07-09$w2021-01-12$yBOO
=952  \\$00$10$2ddc$40$6BIO_JOMM_E$70$8BIO$98249$aORPH$bORPH$cKTS1_P$d2020-07-08$eKoopman$i20G39-II$l1$oBIO JOMM e$p20128148$r2024-09-24 00:00:00$s2024-07-09$w2021-01-12$yBOO
=999  \\$d8256

