=LDR  00713cam a2200193 a 4500
=001  8259
=008  870623s1986\\\\sz\a\\\\\\\\\\000\0\ger\\
=020  \\$a3858820563
=041  \\$ager
=100  \\$aHoegger, Paul$d-1921$911603$4aut
=245  10$aOrgelbauergeschichten
=260  \\$aHerisau $bSchläpfer$c1986
=300  \\$a131 pages$bill. $c21 cm
=650  \0$aOrgan$1http://www.wikidata.org/entity/Q1444$92810
=650  \0$aOrganology$1http://www.wikidata.org/entity/Q899293$921400
=700  \\$aKuhle, Axel$911604
=942  \\$cBOO
=952  \\$00$10$2ddc$40$6INS_3_000000000000000_1B$70$8INS$98252$aORPH$bORPH$cKTS0$d2020-07-08$eKoopman$i42G46$l0$oINS3.1b$p20120005$r2021-01-12 00:00:00$w2021-01-12$yBOO$OKoopman
=999  \\$d8259

